3250 4350
657 435 885 500 AENEIDOS‘H
1217 447 1283 509 161·

262 616 466 690 suspicionem
492 615 643 673 falsitatis.
691 616 734 673 ait
757 616 912 692 ergo‘iam
936 617 996 674 scio
1019 635 1066 673 me
1092 617 1280 688 moriturum,

263 723 333 762 cum
359 705 505 764 rettulere
533 705 647 762 omnia:
679 704 785 761 melius
813 706 859 762 est
886 701 1074 762 conticiscere
1103 708 1133 763 et
1155 703 1280 762 Atridae

261 795 295 851 in
314 793 399 851 lucro
417 793 547 852 habeant
566 792 646 868 quod
665 795 778 851 secreta
796 793 930 867 ipsorum
948 811 1008 851 non
1029 791 1161 868 prodidi3
1183 812 1279 868 neque
1305 814 1308 818 ’

262 885 346 940 enim
369 885 492 958 propter
513 902 606 939 unum
627 882 783 939 inimicum
805 881 897 940 debeo
910 881 1017 940 omnis
1039 899 1120 942 meos
1146 880 1287 956 prodere

235 972 424 1033 eordinatur
446 989 548 1030 sensus
571 971 614 1029 sic
637 974 667 1030 et
690 971 751 1028 eins
776 970 920 1045 expositio
943 971 1014 1029 talis
1038 973 1095 1030 est:
1127 971 1179 1030 sed
1206 963 1280 1046 quid

263 1080 321 1138 ego
350 1060 549 1135 nequicquam
576 1060 696 1119 revolvo
724 1060 797 1118 haec
820 1060 876 1120 hoo
899 1063 944 1119 est
966 1060 1070 1134 refero,
1096 1079 1172 1135 quae
1200 1056 1280 1135 apud

262 1168 317 1209 vos
347 1153 435 1207 erunt
460 1146 602 1224 ingrata?
643 1148 757 1224 'quidve
785 1146 904 1207 moror?
951 1167 1004 1206 cur
1034 1147 1137 1207 differo
1169 1167 1280 1224 poenas

262 1257 347 1296 meas
369 1241 439 1313 post
461 1237 615 1296 relationis
637 1236 813 1296 beneficium
837 1238 977 1296 continuo
1006 1235 1187 1296 moriturus?
1233 1239 1280 1295 vel

262 1327 339 1404 quid
362 1326 446 1386 vobis
468 1346 602 1385 meorum
625 1329 738 1385 secreta
761 1327 896 1400 referam,
916 1345 989 1401 quos
1008 1326 1103 1385 vicem
1126 1327 1202 1384 mibi
1219 1327 1280 1384 scio

219 1439 248 1476 ιο
262 1437 326 1475 ιιοιι
351 1434 414 1474 esse
437 1413 625 1474 reddituros?
671 1417 744 1491 quin
766 1415 875 1490 potius,
899 1416 925 1473 si
948 1415 1043 1474 omnis
1065 1412 1196 1474 Achivos
1221 1413 1299 1473 uno'

262 1505 335 1564 odio
359 1505 581 1581 persequimini,
598 1504 749 1579 professus
773 1515 839 1562 sum
862 1502 1058 1562 iamdudum
1080 1525 1127 1563 me
1150 1508 1279 1563 vestrum

261 1613 327 1653 esse
358 1595 524 1666 inimicum,
552 1593 660 1652 sumite
683 1591 719 1651 de
743 1593 877 1652 confesso
901 1592 1093 1668 supplicium,
1120 1612 1174 1652 nec
1197 1593 1281 1651 vobis

260 1685 321 1742 hoo
344 1682 503 1758 inputabo3
527 1701 613 1741 omne
636 1683 725 1740 enim
737 1682 851 1739 malum
874 1681 949 1740 mihi
971 1682 1049 1740 idem
1068 1680 1219 1739 videbitur
1236 1683 1280 1738 in·

260 1772 371 1831 tulisse
395 1771 448 1847 qui
471 1791 518 1829 me
541 1770 675 1847 quolibet
697 1774 785 1846 pacto
810 1770 972 1846 quaerebat
995 1770 1133 1829 occidere.

218 1881 247 1921 15
334 1861 412 1918 Tuur
438 1877 505 1919 uero
533 1861 671 1919 ardemus
698 1861 799 1919 scituri
827 1865 853 1918 el
879 1876 1017 1934 quaerere
1044 1877 1151 1918 cousus
1172 1862 1271 1931 iuuari
1283 1863 1333 1911 105

260 1951 406 2009 scelerum
428 1953 575 2007 tcuwruru
598 1952 727 2020 ortisque
748 1949 904 2022 Pelusque:
931 1949 987 2007 hoc
1010 1948 1133 2008 consilio
1156 1967 1210 2006 nos
1226 1942 1297 2006 'ac-¹

262 2039 367 2098 cendit
394 2038 533 2096 audiendi
560 2037 716 2096 desiderio.
763 2038 890 2113 denique
918 2038 1020 2096 scitari
1048 2039 1198 2112 coepimus
1225 2037 1282 2096 hoc

262 2132 310 2188 est
338 2129 493 2203 inpensius
521 2146 662 2202 quaerere
690 2130 720 2186 et
747 2128 932 2205 interrogare
960 2145 1072 2186 causas.
1119 2144 1208 2185 causa
1236 2130 1282 2185 est

261 2221 389 2294 propter
417 2236 507 2292 quam
533 2216 568 2274 fit
591 2216 722 2292 aliquid3
754 2216 831 2274 nihil
854 2218 933 2274 enim
955 2216 991 2274 fit
1012 2218 1072 2274 nisi
1095 2215 1174 2294 quod
1196 2234 1281 2290 prae-

218 2322 249 2365 eo
263 2306 353 2365 cedat
382 2324 471 2365 causa
498 2305 634 2364 faciendi.
680 2305 780 2383 ignari
807 2306 951 2364 scelerum
972 2308 1126 2364 tantorum
1149 2306 1281 2380 artisque

263 2396 424 2472 Pelasgae:
447 2413 509 2468 nos,
531 2394 641 2471 inquit,
661 2414 695 2453 ex
714 2398 817 2453 nostra
836 2394 964 2468 simplici
983 2399 1013 2452 et
1030 2396 1155 2453 honesta
1173 2395 1281 2452 natura
1308 2393 1311 2397 ’

263 2483 428 2559 pendentes
448 2482 575 2542 Graecos
594 2502 665 2542 vera
685 2482 826 2541 Sinonem
844 2484 927 2559 loqui
946 2482 1173 2555 arbitrabamur,
1192 2501 1281 2556 porro
1311 2491 1313 2495 '

264 2578 368 2632 autem
394 2573 442 2629 illi
468 2590 570 2630 omnes
598 2572 694 2631 dolosi
717 2576 787 2645 sunt¹
809 2591 968 2648 omnesque
991 2572 1127 2630 fallaces:
1159 2571 1281 2628 satiavit

265 2661 346 2738 quod
366 2663 410 2719 ait
429 2662 564 2735 superius
584 2662 639 2736 „ab
658 2681 717 2720 unc
737 2660 816 2720 disce
835 2658 958 2719 omnis“.
990 2662 1178 2733 prosequitur
1194 2662 1281 2731 puci-

218 2763 250 2807 25
267 2756 347 2810 tous:
380 2752 567 2825 pavitantem
595 2749 733 2808 debemus
761 2750 895 2825 accipere
923 2754 976 2809 aut
1003 2749 1142 2807 simulato
1172 2767 1281 2823 pavore

268 2840 438 2913 loquentem
461 2842 515 2897 aut
537 2844 605 2897 vere
625 2839 813 2914 pavitantem
831 2859 867 2896 ne
885 2838 1036 2896 titubante
1054 2839 1175 2914 linguae
1194 2857 1282 2896 cursu

270 2928 445 2986 insidiarum
464 2927 598 3003 deceptio
621 2930 800 2999 nasceretur,
824 2946 899 3003 quas
922 2929 984 2985 iam
1006 2926 1129 2985 videbat
1150 2928 1183 2983 in
1205 2930 1281 2985 tuto.

271 3022 295 3074 el
319 3020 385 3089 ficto
409 3021 524 3093 pectore
550 3017 647 3089 solur:
682 3021 802 3092 pectore
825 3015 894 3074 ficto
918 3018 1016 3090 coepit
1038 3017 1136 3091 loqui,
1158 3015 1214 3074 hoc
1237 3018 1282 3073 est

272 3105 457 3165 dissimulata
483 3107 611 3164 veritate
640 3105 722 3164 aliud
749 3104 905 3180 promebat
930 3104 1028 3163 officio
1051 3104 1187 3181 linguae,
1215 3123 1282 3162 cum
1372 3173 1376 3179 q

339 3264 355 3311 2
375 3265 413 3313 est
432 3257 525 3311 omR
545 3257 608 3311 add.
628 3275 689 3308 r=
704 3256 734 3310 L.
756 3258 759 3325 l
782 3258 953 3311 couticiscere
970 3256 1021 3309 LR
1040 3258 1149 3311 reticere
1168 3257 1211 3309 ed.
1233 3257 1236 3327 l
1257 3264 1282 3310 et

276 3326 321 3381 LR
339 3330 387 3383 edl
404 3337 438 3383 ut
455 3347 469 3382 r
488 3328 554 3382 edll.
628 3333 644 3379 3
663 3329 785 3397 rpsoruru
804 3328 856 3380 LR
874 3328 1027 3382 eorumed.
1101 3329 1211 3382 9uobr's
1230 3327 1282 3379 LR

277 3401 336 3452 uslei
351 3401 476 3482 proderit
494 3400 536 3453 ed.
556 3400 642 3483 (crebis
660 3400 818 3467 transpos).
848 3401 852 3467 Ι
884 3400 1002 3465 reserare
1020 3397 1081 3464 LR
1100 3399 1150 3451 sed
1168 3416 1181 3452 s
1199 3415 1249 3466 pro
1268 3400 1287 3463 f

278 3483 336 3524 corr
347 3472 399 3523 lc
391 3487 452 3540 1psc
470 3488 519 3525 res.
530 3473 611 3539 cupio
628 3488 643 3523 r
660 3487 779 3525 reserare
798 3470 842 3522 ed.
859 3470 976 3553 referum
994 3486 1052 3523 nce
1109 3475 1141 3522 10
1160 3485 1216 3522 uuo
1231 3469 1282 3520 LR

218 3543 372 3605 -pcrarer
389 3562 416 3596 u.
437 3543 479 3595 ed.
555 3548 586 3594 11
604 3540 843 3609 persequemiuiL
862 3542 956 3594 -r‘mr'ui
974 3541 1000 3593 a
1019 3541 1219 3609 prosequuntur
1237 3540 1280 3592 ed

316 3618 345 3665 17
366 3616 502 3682 coepimus
519 3613 571 3666 Lu
588 3613 715 3681 cupimus
733 3613 776 3666 ed.
834 3617 866 3665 19
885 3612 959 3681 quod
976 3612 1081 3665 lineola
1100 3611 1282 3664 subterducta

279 3680 360 3739 delere
379 3685 490 3738 videtur
508 3703 529 3737 r
607 3690 641 3737 22
656 3685 805 3784 prudentes
823 3683 876 3736 LR
893 3684 1047 3737 iudicuutes
1066 3683 1107 3735 ed.
1185 3686 1219 3734 23
1238 3699 1282 3736 so-

278 3754 348 3809 tuuc
365 3756 418 3809 LR
440 3762 466 3810 et
487 3756 537 3809 boc
558 3761 597 3810 est
619 3754 662 3809 ed.
724 3760 787 3808 26
812 3756 924 3825 linquae
942 3753 993 3805 LR
1017 3754 1144 3853 linquo
1131 3771 1163 3806 cu
1184 3753 1227 3806 ed.

279 3827 307 3877 2⁸
321 3827 409 3895 ficto
400 3844 431 3880 ιιι
449 3827 565 3895 interpr
585 3842 638 3880 om.
653 3825 705 3879 LR
724 3825 788 3879 add.
803 3843 825 3879 r

321 3925 419 3967 nonin
394 3930 490 3975 rrnrterp.
472 3925 609 3975 rerm
594 3925 664 3966 r.olI.
1044 3924 1082 3973 ss
