3250 4350
642 403 875 499 'nnunmosn
1208 444 1269 507 159

252 614 356 672 lentur
384 615 439 688 qui
466 632 501 672 ex
529 615 682 690 opulentia
709 615 740 670 in
768 611 904 672 miserias
926 614 1039 672 fuerint
1061 613 1148 688 lapsi.
1193 612 1272 670 redit

252 720 375 761 rursum
407 701 445 761 ad
477 701 611 762 fabulam
642 701 851 762 commendans
887 721 941 777 per
977 704 1079 760 omnia
1114 719 1272 777 personam

253 810 354 865 suam,
387 795 422 849 ut
455 791 594 851 ostendat
625 810 656 850 se
688 791 798 851 bonum
831 793 958 864 socium,
989 790 1100 849 bonum
1132 791 1271 866 amicum,
1319 818 1322 822 ·

252 880 368 939 bonum
390 882 600 956 propinquum.
642 879 830 939 commendat
853 881 946 939 etiam
968 878 1138 938 Palamedis
1161 898 1270 938 memo·

227 971 333 1027 eriam
362 968 486 1027 dicendo
514 971 586 1044 quia
612 964 692 1028 bella
719 968 855 1047 vetabat,
882 971 918 1027 ut
945 987 980 1026 ex
1007 987 1043 1028 oa
1070 985 1160 1027 causa
1185 987 1270 1043 prae-

255 1061 373 1116 starent
393 1059 487 1116 amico
502 1059 618 1117 viventi
632 1057 711 1134 quod
724 1057 880 1117 Palamedi
894 1057 1033 1116 defuncto
1048 1076 1108 1116 non
1121 1060 1270 1132 poterant.

253 1147 372 1205 incidie
386 1150 541 1220 postqoora
554 1148 678 1221 palloris
701 1147 784 1206 Ulisi
801 1145 890 1219 Ornat
905 1149 1005 1220 moola
1024 1147 1138 1219 loquor)
1156 1147 1272 1218 superis

254 1237 395 1293 coacessit
416 1237 453 1294 ob
476 1237 550 1294 orr's:
573 1240 778 1311 posteaquam,
800 1235 910 1311 inquit,
933 1235 1013 1294 idem
1030 1234 1213 1311 Palamedes,
1237 1238 1272 1292 ut

254 1322 395 1382 omnibus
418 1327 523 1383 notum
546 1327 599 1399 est,
623 1326 744 1383 recessit
767 1343 785 1382 a
809 1326 933 1401 superis,
955 1344 1015 1383 non
1038 1325 1115 1382 dixit
1137 1328 1271 1382 mortuus

218 1434 239 1472 ιο
254 1417 311 1486 est,
335 1412 388 1471 sed
410 1415 564 1488 concessit,
586 1416 622 1472 ut
643 1413 789 1472 memoria
811 1415 874 1473 eius
898 1413 989 1491 digna
1013 1416 1090 1473 esset
1109 1431 1186 1489 quae
1204 1417 1273 1488 post

253 1501 387 1560 hominis
414 1494 503 1560 finem
530 1502 630 1561 vivere
653 1506 824 1561 mereretur.
870 1522 938 1579 ego,
960 1503 1073 1577 inquit,
1099 1505 1169 1578 post
1191 1501 1272 1560 illius

254 1608 421 1665 excessum,
445 1588 494 1650 oui
516 1594 547 1650 et
569 1610 667 1650 comes
689 1592 736 1650 fui
759 1594 789 1650 et
812 1590 1034 1651 commendatus
1058 1595 1199 1667 epatre,
1224 1590 1271 1649 cui

253 1700 304 1737 me
337 1678 494 1739 constabat
526 1699 588 1739 esse
621 1679 761 1755 adfinem,
799 1682 934 1752 adflictos
965 1683 1056 1738 citam
1086 1683 1117 1738 r'rr
1151 1680 1272 1739 terebris

254 1772 392 1841 ludoque
414 1770 571 1828 trahebam.
611 1769 668 1828 hoc
691 1770 756 1828 vult
778 1770 924 1847 intellegi,
947 1773 1063 1828 utnon
1087 1772 1129 1828 sic
1152 1768 1272 1828 duceret

218 1879 240 1916 a
255 1861 354 1916 vitam
378 1859 524 1932 quomodo
550 1861 602 1934 qui
625 1861 732 1934 optant
753 1860 864 1933 vivere,
887 1858 940 1917 sed
962 1860 1014 1933 qui
1037 1860 1165 1933 cupirmt·
1187 1859 1271 1916 mori.

253 1949 331 2005 haec
359 1965 419 2005 non
447 1950 533 2006 erant
560 1967 644 2022 vera,
672 1947 724 2007 sed
751 1950 887 2022 quaesita
915 1946 953 2005 ad
981 1945 1146 2005 fallendum
1169 1951 1211 2020 et,
1238 1950 1272 2004 ut
1359 1991 1362 1996 .

255 2038 404 2094 maiorem
422 2039 554 2094 moveret
572 2036 815 2110 misericordiam,
834 2035 919 2095 addit
936 2040 1091 2112 praeterea
1110 2034 1193 2094 aliud
1213 2054 1272 2110 quo

256 2126 368 2185 nimios
390 2125 474 2184 velut
497 2124 613 2185 dolores
637 2143 706 2185 suos
729 2127 908 2202 exprimeret
932 2125 1038 2200 quibas
1057 2126 1144 2202 quasi
1163 2143 1198 2184 ex
1216 2124 1272 2183 Pa-

255 2214 384 2272 lamedis
402 2213 487 2272 luctu
504 2216 604 2273 iuerat
620 2233 751 2291 pressus:
773 2212 819 2289 [ot
836 2233 937 2274 casoro
954 2216 1078 2274 iosorrtts
1095 2232 1207 2273 mercor
1229 2216 1272 2271 in-

225 2304 407 2378 coronator
425 2302 529 2378 amici]
547 2322 600 2362 occ
617 2306 695 2363 tacui
713 2305 830 2363 demeres
848 2309 874 2363 et
891 2321 944 2371 roe,
964 2307 1027 2378 fors
1044 2305 1130 2377 equo
1154 2304 1272 2370 tulisset,

256 2397 282 2451 si
307 2394 426 2466 patrios
455 2411 594 2466 omqoom
622 2410 794 2452 remeasset
826 2395 916 2452 actor
947 2394 987 2451 od
1014 2391 1124 2466 Arpos,
1147 2394 1273 2466 promisi
1292 2399 1325 2445 95

258 2484 382 2541 ultorem
405 2485 431 2540 et
452 2483 548 2540 cobis
569 2483 639 2541 odio
656 2500 764 2555 aspero
781 2484 866 2540 rocol⁸
902 2481 1079 2560 cogitabam,
1097 2481 1205 2557 inquit,
1224 2481 1272 2539 de·

257 2570 440 2629 rendendum
454 2589 517 2629 esse
532 2571 660 2630 amicum
674 2573 736 2629 vim
749 2588 872 2646 passum
885 2590 921 2629 ex
935 2570 1108 2629 criminibus
1121 2570 1214 2642 falsis,
1225 2569 1272 2627 de·

257 2658 440 2718 tendendum
455 2677 517 2718 esse
531 2662 726 2734 innocentem,
741 2660 792 2719 sed
806 2660 916 2719 nimius
930 2660 1015 2719 dolor
1033 2663 1151 2718 tantum
1165 2659 1273 2733 potuit,

223 2753 291 2807 aaut
315 2768 363 2805 me
387 2747 508 2807 fecisset
528 2748 675 2821 insanum.
722 2748 849 2826 denique
878 2748 958 2825 quod
984 2748 1146 2825 tegendum
1173 2750 1273 2809 animo

257 2838 330 2910 fuit,
364 2836 443 2911 quod
476 2837 538 2895 alto
570 2838 688 2897 silentio
720 2838 910 2896 retinendum
936 2857 997 2897 non
1024 2838 1179 2896 voluntate
1207 2855 1274 2895 mea

259 2945 356 3000 neque
388 2927 506 3004 integro
539 2929 620 2984 statu
652 2928 759 2985 mentis
783 2927 892 3002 vpotius
920 2926 1011 2986 effudi
1038 2945 1130 3003 quam
1156 2926 1274 3000 rettuli,

258 3016 336 3088 dixi,
370 3015 498 3073 clamavi
532 3015 612 3091 quod
643 3015 755 3090 pietate
788 3018 912 3093 cogente
943 3017 1054 3074 nimius
1086 3017 1275 3091 disposuerat

258 3103 360 3177 dolor,
391 3103 506 3163 scilicet
538 3103 574 3161 de
605 3108 701 3163 morte
733 3104 861 3163 insontis
887 3107 919 3162 in
947 3104 1065 3163 sedibus
1093 3104 1200 3180 patriis
1227 3124 1274 3163 me

333 3333 347 3378 1
373 3327 491 3381 irrisoriis
513 3326 538 3378 a
563 3343 632 3381 corr.
652 3345 713 3379 r=
729 3327 758 3380 L.
849 3334 866 3381 4
890 3329 1040 3397 ooaooqoe
1059 3345 1139 3396 prop.
1159 3328 1202 3381 ed.

261 3406 292 3450 14
315 3397 504 3466 rmromqoen
524 3398 650 3466 luctuque
668 3398 693 3451 R
712 3399 768 3452 ed:
788 3398 984 3467 interpretatio
1004 3399 1122 3452 dubium
1140 3398 1275 3464 relinquit

219 3493 223 3497 >
258 3472 388 3537 luctuque
406 3468 507 3538 optimi
525 3468 608 3537 Verg.
628 3468 702 3523 libri.
738 3476 742 3535 Ι
776 3470 915 3524 tralatam
933 3470 1074 3524 lemmatis
1092 3470 1155 3522 finis
1175 3469 1205 3521 in
1223 3469 1274 3522 LR

259 3559 282 3591 r.
305 3545 339 3593 93
365 3539 429 3592 add.
454 3540 512 3606 ed,
535 3556 618 3607 quem
642 3540 770 3608 sequenti
795 3540 891 3610 potius
914 3541 1040 3594 lemmati
1063 3540 1275 3610 praefigendum

259 3628 321 3664 esse
340 3610 457 3679 interpr.
478 3610 568 3664 docet.
639 3617 671 3665 16
690 3617 722 3666 ot
739 3610 791 3665 LR
809 3618 842 3665 ut
859 3613 897 3666 ad
915 3612 957 3665 ed.
1024 3618 1056 3665 17
1075 3612 1187 3665 addidit
1204 3611 1246 3663 ed.
1269 3611 1272 3672 l

260 3682 371 3751 aliquid
388 3681 414 3734 R
432 3682 513 3736 aliud
530 3700 591 3734 r=
607 3682 636 3735 L.
728 3688 762 3736 23
780 3684 862 3749 falsas
879 3683 932 3736 LR
949 3684 970 3748 f.
990 3690 1015 3737 et
1033 3684 1075 3736 ed.
1167 3687 1201 3735 26
1219 3681 1276 3747 fuit
1389 3712 1393 3719 ·

260 3753 352 3819 Lar.
372 3770 406 3807 oe
424 3752 468 3805 ed.
568 3758 601 3806 27
620 3754 716 3809 retuli
733 3770 786 3808 om.
806 3754 850 3809 ed.
946 3760 980 3808 28
999 3754 1117 3809 clamavi
1134 3754 1206 3822 quod
1224 3752 1276 3805 ΕΒ,

260 3825 431 3892 cloacamque
449 3823 493 3877 ed.
