3250 4350
683 411 890 468 PRAEFATIO
1191 411 1295 466 XXXV

268 580 362 658 rigit,
394 578 531 638 ordinem
561 580 640 639 male
671 580 821 655 turbavit,
849 582 928 657 quod
956 583 1122 640 accuratius
1150 599 1294 657 exponere

270 669 399 746 longum
418 671 471 728 est.
506 670 536 742 6,
551 669 615 728 824
633 673 703 745 post
717 668 913 744 ‚,0amillum“
931 670 1081 729 lemmatis
1099 669 1174 729 haec
1190 669 1294 729 habet:

273 760 385 831 „immo
395 757 481 816 Decii
495 757 605 833 phoebi
618 758 716 835 plebei
729 778 800 818 nam
814 758 948 835 plebeiae
958 758 1119 818 Deciorum
1128 759 1245 817 animae
1259 760 1295 817 nt

274 847 376 922 inquit
395 844 549 922 Satyrus“,
566 850 631 906 tum
655 867 731 923 quae
754 849 787 906 in
800 847 949 906 Vaticano
967 849 1110 907 continuo
1128 851 1295 923 sequuntur

273 934 377 1010 „Decii
407 938 438 994 et
464 933 573 994 Drusi“
602 939 657 994 etc.
704 935 849 1013 ,81)1188181ί
875 936 1015 996 librarius
1046 939 1111 1013 ipse
1142 938 1294 1013 expunxit,

273 1042 333 1100 qua
356 1045 389 1082 re
412 1024 486 1084 baec
509 1025 601 1084 verba
623 1044 683 1084 non
702 1044 721 1084 a
739 1029 834 1085 semet
851 1027 917 1101 ipso
936 1027 1058 1100 inserta,
1076 1025 1128 1086 sed
1145 1027 1178 1083 in
1197 1044 1293 1084 exem-

271 1113 352 1190 plari
383 1112 508 1172 inventa
540 1131 604 1173 esse
634 1113 749 1190 prodit;
784 1114 924 1190 idemque
952 1114 1024 1174 ordo
1051 1117 1170 1191 ineptus
1198 1114 1294 1188 docet,

270 1221 342 1261 nam
365 1204 472 1262 contra
494 1201 648 1262 Donatum
670 1203 783 1279 scripta
806 1196 963 1284 („immo“)
988 1207 1058 1279 post
1080 1198 1293 1279 „prof11enmt“

269 1291 432 1351 inserenda
455 1294 549 1353 erant.
585 1294 617 1350 in
635 1291 784 1351 Vaticano
808 1292 885 1350 nihil
908 1292 1078 1352 huiusmodi
1100 1295 1192 1366 extat,
1213 1291 1293 1350 unde

269 1380 404 1440 efficitur
424 1383 460 1439 ut
481 1381 569 1439 huius
592 1381 663 1440 libri
686 1383 862 1457 scriptorem
885 1401 945 1440 non
960 1381 1106 1440 Vaticano
1129 1381 1293 1457 exemplari

268 1489 359 1529 neum
383 1487 447 1530 esso
470 1472 646 1545 statuemus,
665 1469 717 1530 sed
740 1471 810 1544 alio,
830 1472 914 1529 cuius
937 1472 970 1528 in
992 1472 1128 1548 margine
1148 1470 1222 1529 haec
1240 1470 1291 1529 ad-

269 1563 378 1618 notata
402 1561 496 1617 erant.
533 1560 600 1634 quis
623 1559 675 1617 ille
699 1559 827 1635 Satyrus
851 1559 891 1617 sit
909 1561 1022 1619 nescio:
1045 1579 1138 1617 unum
1157 1561 1291 1635 apparet,

268 1647 432 1707 verberum
462 1647 582 1706 illorum
610 1645 760 1707 auctorem
790 1648 959 1707 doctrinam
986 1666 1071 1708 suam
1100 1651 1203 1707 contra
1230 1647 1292 1707 Do-

269 1739 376 1795 natum
400 1739 552 1795 ostentare
575 1737 711 1796 voluisse.
735 1769 779 1778 ——
807 1738 886 1796 hunc
915 1755 1033 1812 quoque
1060 1737 1171 1794 librum
1194 1735 1291 1795 Stutt-

269 1824 401 1902 gartiam
433 1824 645 1902 benignissime
676 1826 886 1886 transmissum
917 1829 1021 1885 nostra
1050 1825 1081 1883 in
1108 1824 1292 1885 bibliotheca

269 1913 385 1973 contuli
407 1932 477 1972 vere
503 1915 597 1972 1903.

335 2001 494 2061 Urbinas
519 2003 582 2061 346
615 2002 813 2062 bibliothecae
838 2004 1017 2079 Vaticanae,
1050 2002 1192 2061 foliorum
1216 2004 1290 2079 387,

267 2093 384 2151 formae
415 2091 552 2165 maioris,
585 2091 703 2151 saeculo
730 2092 786 2150 XV
819 2092 851 2151 in
883 2093 1056 2152 membrana
1092 2091 1291 2152 subtilissima

266 2181 467 2259 pulcherrime
494 2181 622 2256 scriptus
650 2181 729 2241 hunc
757 2184 882 2241 titulum
909 2182 1000 2242 habet
1027 2181 1183 2259 magnifice
1207 2200 1288 2240 exor-

268 2275 389 2329 natum:
421 2272 470 2345 „in
493 2271 550 2329 hoo
572 2270 673 2330 codice
696 2273 867 2330 continetur
889 2273 1035 2348 expositio
1058 2271 1181 2330 Donati¹
1199 2288 1290 2347 super

267 2359 402 2418 Aeneide
432 2357 585 2436 18811111*Ι
638 2363 707 2436 post
738 2362 974 2436 superscriptum
1006 2360 1138 2437 „Tiberii
1170 2357 1290 2419 Claudii

268 2449 385 2507 Donati
422 2447 460 2506 ad
496 2448 649 2517 'liberium
688 2446 847 2508 Claudium
882 2449 1047 2508 Maximum
1083 2449 1288 2508 Donatianum

267 2536 365 2595 filiurn
384 2555 471 2596 suurn
493 2538 776 2613 interpretationum
789 2538 1027 2615 Virgilianarum
1046 2538 1194 2597 Aeneidos
1211 2537 1290 2597 liber

268 2629 386 2702 primus
404 2626 512 2701 incipit
530 2623 694 2685 1881181188ιι
718 2629 853 2701 sequitur
871 2628 957 2704 „illos
976 2624 1056 2703 qui“.
1094 2629 1194 2686 sextus
1212 2626 1289 2685 liber

268 2718 338 2792 post
365 2712 457 2773 verba
484 2732 645 2790 „ponemus
673 2713 828 2790 exempla“
857 2736 882 2775 v.
903 2718 981 2790 579,
1004 2715 1195 2775 duodecimus
1218 2718 1289 2791 post

268 2806 330 2879 ,sic
353 2804 511 2863 animilia
534 2800 666 2863 (1188881ιι
689 2823 717 2862 8.
733 2806 795 2862 471
823 2805 1019 2881 abrumpitur.
1062 2805 1137 2864 81188
1160 2805 1288 2865 maiores

268 2893 392 2953 lacunas
410 2892 537 2952 fortasse
555 2893 743 2967 invenissem,
763 2895 788 2951 si
805 2895 903 2952 totum
922 2894 1032 2952 librum
1050 2894 1287 2971 perlustrassem.

269 3002 318 3042 888
348 2981 457 3057 quibus
485 2981 574 3039 LVR
600 2982 633 3040 in
659 2982 705 3040 IV
727 2981 771 3039 VI
794 2981 951 3041 vnvm
978 2982 1065 3042 hiant
1091 2984 1140 3041 hic
1167 3002 1288 3058 quoque

267 3069 372 3144 hebet,
401 3070 433 3129 in
455 3070 514 3129 XII
537 3072 705 3147 comparari
726 3072 840 3146 nequit.
886 3072 1023 3130 breviora
1048 3072 1203 3145 librarius,
1231 3074 1289 3129 ant

268 3161 363 3219 oculis
388 3160 528 3219 aberrans
552 3162 605 3219 aut
628 3160 699 3234 quie
721 3161 820 3237 legere
843 3179 903 3219 non
926 3162 1029 3236 potuit
1055 3165 1109 3220 aut
1132 3162 1286 3235 quianon

267 3250 430 3323 intellexit,
459 3249 590 3323 plurima
617 3248 733 3323 omisit,
765 3249 916 3325 permulta
943 3250 991 3307 881
1017 3256 1128 3307 temere
1155 3251 1288 3308 mutavit

267 3339 316 3396 881
344 3337 459 3396 mendis
486 3336 679 3412 deformavit,
706 3341 777 3397 sunt
804 3340 905 3397 autem
933 3340 1025 3398 etiarn
1053 3356 1129 3413 quae
1152 3339 1287 3398 correcta

267 3426 419 3502 praebeat.
444 3456 486 3465 —
510 3426 625 3485 contuli
646 3425 739 3486 libros
762 3426 806 3483 IV
829 3426 858 3482 V
879 3426 940 3486 VH
962 3426 989 3484 X
1011 3426 1124 3485 Romae
1150 3428 1244 3485 1901.

333 3514 619 3574 Malatastianns
638 3514 836 3574 bibliothecae
852 3513 1022 3575 0888888818
1036 3515 1067 3573 Π
1083 3517 1134 3590 22,
1149 3517 1178 3591 4,
1192 3533 1285 3574 mem-

266 3603 446 3678 branaceus,
478 3603 616 3662 foliorum
643 3605 721 3679 321,
752 3605 870 3664 saeculo
893 3604 947 3662 XV
976 3604 1118 3680 scriptus,
1145 3603 1286 3663 Urbinati

268 3693 367 3753 affinis
390 3709 454 3753 8888
476 3691 603 3751 videtur,
648 3712 726 3768 nam,
750 3693 870 3755 etiarnsi
892 3694 925 3755 18
950 3694 980 3775 d,
996 3694 1061 3758 168
1087 3693 1214 3771 oumV,
1230 3713 1302 3754 non

264 3799 327 3837 cum
348 3782 380 3836 U
391 3781 539 3836 consentit
555 3783 722 3843 etcertum
740 3784 858 3850 librum
877 3793 1007 3871 praeter
1022 3790 1162 3856 l-lb'l
1182 3789 1322 3872 plenum

1055 3896 1094 3957 ο*
