3250 4350
357 412 420 476 108
636 412 776 467 DONATI
793 412 962 467 mannan.
980 412 1089 468 VERG.

355 599 520 657 paucorum
543 585 644 640 autem
666 582 778 641 idcirco
801 581 982 641 mentionem
1005 582 1085 657 fecit,
1108 584 1144 640 u't
1165 581 1300 642 firmaret
1318 581 1366 640 Di·

356 668 441 729 donis
469 671 615 745 animum,
644 672 724 746 quod
749 671 865 729 nullam
891 673 1050 746 parassent
1071 671 1256 730 violentiam.
1300 669 1366 747 quid

356 759 435 818 enim
454 760 564 818 audere
582 763 704 835 possent
722 760 830 835 quibus
848 778 902 818 nec
922 762 1038 818 animus
1056 760 1116 819 fuit
1133 778 1188 819 nec
1204 760 1366 820 substantia

355 847 579 906 multitudinis?
626 867 691 908 ecoe
719 868 837 908 omnem
866 868 925 925 qua
951 848 1110 908 laborabat
1135 849 1282 909 invidiam
1310 851 1366 909 vio

355 938 466 997 lentiae
498 939 636 1016 purgatis
669 939 707 997 ad
738 939 861 1014 plenum
892 938 1029 1014 partibus
1060 940 1122 998 suis
1153 941 1312 1014 retorquet
1340 941 1395 997 ins

355 1029 472 1103 partem
496 1027 744 1086 calumniantium
767 1045 838 1087 usus
862 1029 1086 1106 anticategoria.
1123 1027 1198 1086 dicit
1220 1029 1302 1088 enim
1320 1046 1368 1106 ego

355 1134 416 1173 non
439 1117 497 1174 feci
521 1118 574 1174 aut
596 1115 669 1190 mei,
693 1115 744 1174 sed
766 1118 816 1174 tui
836 1116 868 1174 in
891 1118 1028 1176 innoxios
1052 1117 1217 1175 extiterunt
1240 1116 1368 1176 violenti.
1412 1188 1413 1201 χ

357 1204 484 1281 denique
512 1206 649 1280 sequitur
675 1207 752 1278 qnod
777 1223 871 1279 penas
896 1207 949 1264 hoc
974 1206 1137 1274 hominnm,
1166 1223 1277 1279 anone
1298 1207 1370 1265 hanc

303 1297 426 1353 osorem
449 1294 579 1352 barbara
601 1311 710 1353 rnorem
728 1297 872 1368 pensan
888 1295 1014 1368 patria?
1047 1297 1171 1368 hospitio
1183 1296 1371 1368 prohibemur

355 1384 493 1452 harenae,
517 1384 592 1441 bella
615 1386 690 1442 cient
705 1385 864 1457 primaque
885 1387 984 1442 anani
1005 1385 1158 1442 consistere
1185 1388 1273 1443 terra.
1320 1383 1403 1444 subn

356 1491 417 1530 una
449 1472 650 1547 querellarum
682 1472 836 1532 occasione
873 1475 903 1531 et
935 1473 1181 1531 deformationem
1213 1473 1373 1549 Tyriorum

355 1563 439 1619 tenet
471 1564 501 1620 et
532 1579 616 1620 suam
647 1561 781 1637 laudem;
822 1580 893 1620 nam
925 1563 973 1620 cui
1004 1562 1209 1620 inhumanitas
1246 1562 1373 1622 alionm

357 1647 495 1725 displicet
522 1650 628 1724 utique
655 1651 719 1726 ipse
746 1651 895 1709 humanus
922 1653 969 1710 est
996 1654 1027 1709 et
1053 1652 1107 1727 qui
1133 1651 1247 1710 alienos
1277 1670 1373 1711 mores

356 1738 490 1817 graviter
520 1738 711 1815 reprehendit
747 1739 785 1798 ab
821 1740 869 1798 his
905 1759 937 1799 se
967 1739 1125 1816 profitetur
1156 1740 1299 1800 alienum
1344 1741 1374 1799 hi

356 1847 450 1903 usque
478 1827 551 1886 adeo
580 1828 792 1904 displicebant,
820 1832 855 1888 ut
881 1847 988 1889 nomen
1016 1828 1079 1888 illis
1107 1829 1242 1887 invenire
1270 1830 1406 1906 nequi-n

356 1917 435 1976 verit
466 1917 590 1976 dicendo
624 1917 703 1992 quod
734 1936 828 1995 genus
859 1918 916 1978 hoc
947 1916 1123 1977 hominum?
1168 1919 1265 1978 omnis
1297 1920 1376 1978 enim

356 2007 434 2065 feras
453 2006 632 2064 inmanitate
651 2008 786 2066 vicerant
805 2007 898 2083 Tyrii
935 2025 1047 2082 quaeve
1066 2007 1146 2065 hunc
1163 2010 1227 2065 tam
1244 2007 1376 2068 barbara

356 2114 469 2153 morem
487 2096 638 2170 permittit
660 2094 780 2171 patria?
817 2096 873 2155 hoo
897 2099 942 2156 est
965 2116 1041 2171 quae
1064 2097 1113 2156 vel
1136 2094 1219 2155 cuius
1242 2097 1375 2175 regionis

355 2187 387 2243 in
411 2188 530 2243 tantum
553 2203 643 2244 saeva
665 2185 818 2245 barbaries
839 2188 869 2244 et
887 2189 974 2245 tanta
992 2187 1113 2244 feritate
1132 2187 1240 2259 extitit,
1261 2189 1375 2261 quanta

355 2274 402 2331 tui
429 2277 476 2334 usi
504 2278 575 2333 sunt
602 2275 744 2334 adversus
770 2273 846 2334 nos?
890 2294 998 2334 nomen
1021 2294 1091 2353 ergo
1115 2294 1173 2350 quo
1197 2292 1247 2333 eos
1272 2276 1408 2352 appel-n

356 2364 434 2421 laret
456 2382 516 2422 non
538 2366 663 2437 invenit,
683 2364 850 2439 exemplum
872 2384 934 2423 non
955 2367 1096 2441 repperit,
1116 2363 1195 2439 quod
1218 2367 1286 2423 erat
1309 2384 1374 2443 gra·

356 2454 436 2527 vius3
459 2456 623 2527 potuerunt
646 2455 725 2511 enim
748 2453 868 2512 defendi
891 2454 1087 2513 similitudine
1115 2454 1238 2511 alterius
1267 2456 1374 2532 gentis.

355 2542 488 2616 hospitio
515 2542 707 2616 prohibemur
734 2542 876 2601 harenae:
908 2543 1047 2617 probatio
1072 2542 1265 2618 plenissimae
1289 2544 1373 2601 inhu-

356 2632 524 2689 manitatis:
561 2630 754 2705 prohibemur
780 2633 813 2688 in
839 2632 959 2691 harenis
988 2633 1162 2705 consistere,
1186 2630 1259 2706 quid
1283 2632 1373 2705 fieret

356 2720 383 2777 si
414 2721 544 2777 humano
576 2738 658 2778 more
689 2722 837 2779 tectorum
868 2720 1035 2796 hospitium
1061 2718 1249 2796 peteremus?
1296 2721 1404 2781 bellan

357 2810 448 2866 cient:
485 2827 545 2867 non
573 2809 680 2867 saltem
708 2809 816 2867 leniter
842 2810 1015 2885 prohibent,
1048 2809 1099 2868 sed
1128 2828 1211 2868 more
1240 2809 1372 2869 bellandi

357 2898 485 2955 utuntur
507 2897 666 2956 hostilibus
690 2899 808 2957 animis.
853 2898 933 2957 bella
956 2901 1049 2958 cient:
1071 2897 1160 2970 bella,
1183 2898 1294 2975 inquit,
1316 2919 1371 2959 non

356 2985 522 3061 patiuntur,
541 2986 593 3045 sed
615 2989 755 3047 inferunt.
793 2987 950 3063 primaque
973 2990 1078 3047 vetant
1100 2989 1262 3047 consistere
1282 2992 1370 3063 term

357 3075 473 3132 dixerat
496 3076 574 3133 enim
597 3076 695 3135 ventis
717 3078 815 3135 maria
838 3079 938 3136 omnia
959 3079 1039 3136 vecti
1061 3096 1188 3150 oramus,
1207 3081 1242 3135 ut
1261 3079 1370 3137 miseri-

358 3164 459 3222 cordia
482 3165 588 3241 dignos
613 3166 781 3224 ostenderet
804 3167 836 3223 in
858 3166 914 3224 illa
936 3169 1025 3240 terra,
1050 3184 1137 3241 quae,
1162 3167 1234 3225 licet
1257 3167 1401 3225 inutilisn

429 3301 562 3354 haadire
576 3300 601 3352 R
616 3315 684 3353 corr.
694 3317 716 3351 r.
773 3302 862 3353 tanis
876 3300 984 3354 omed.
1041 3306 1072 3352 11
1088 3317 1147 3353 nna
1161 3300 1291 3355 LRinre
1305 3300 1367 3369 ed.)

357 3372 496 3425 occasione
514 3371 567 3424 th
585 3372 759 3425 accusatione
777 3371 821 3424 ed.
839 3373 843 3439 Ι
863 3372 1060 3437 deformatione
1078 3371 1100 3424 L
1119 3371 1162 3424 ed.
1229 3377 1263 3424 13
1282 3374 1369 3441 arian

357 3443 415 3509 ipse
432 3442 485 3494 th
503 3449 528 3495 et
546 3444 603 3511 ipse
620 3461 648 3496 n.
668 3442 711 3494 ed.
787 3447 821 3494 14
839 3444 894 3496 hiis
912 3442 964 3495 th
982 3444 1053 3496 hisce
1072 3442 1115 3496 ed.
1143 3445 1147 3511 Ι
1176 3444 1208 3496 hi
1225 3460 1280 3497 om.
1295 3444 1337 3497 ed.

359 3519 391 3566 15
411 3514 477 3566 adeo
496 3513 547 3566 th
567 3532 591 3567 a.
608 3521 699 3569 annin
718 3513 1133 3583 consarcinationem.
1190 3519 1224 3568 18
1242 3513 1370 3581 pennittit

353 3586 451 3653 patria
470 3601 523 3637 om.
539 3586 582 3640 ed.
647 3591 680 3639 19
698 3585 797 3651 feritas
816 3584 859 3639 ed.
922 3591 956 3638 20
974 3586 1054 3639 nisus
1071 3584 1124 3637 LR
1142 3587 1207 3640 ansi
1224 3585 1287 3639 LII
1300 3602 1369 3639 man.

350 3657 402 3706 nni
413 3673 431 3705 r
448 3656 489 3710 ed.
549 3662 581 3710 21
603 3663 662 3711 erat
679 3656 721 3709 Lr
739 3656 782 3711 ed.
802 3658 855 3710 erit
872 3657 905 3709 a.
966 3662 999 3709 22
1015 3662 1165 3724 potuerant
1184 3657 1249 3726 ed!
1270 3657 1371 3727 pencris

333 3722 361 3772 L
380 3731 554 3796 isuperscr.
574 3730 604 3784 Π
623 3747 699 3786 man.
720 3730 876 3802 penenetris
889 3728 920 3783 n
938 3729 1024 3799 centis
1041 3728 1085 3780 ed.
1148 3733 1182 3779 27
1201 3730 1306 3783 animis
1323 3726 1371 3780 th

321 3796 420 3849 (erraris
440 3800 483 3855 ed.
568 3809 606 3859 29
627 3822 747 3861 crasans
769 3822 825 3860 om.
841 3802 888 3858 ed.
961 3803 997 3853 ‘ab
1016 3798 1129 3851 tansitis
1137 3796 1206 3850 lire.
