3250 4350
666 442 850 498 AENEIDOS
868 443 906 497 HI
1232 443 1298 508 315

277 614 456 690 cognomine
488 613 588 672 uuum
625 631 753 690 agnosco
787 613 956 687 Scaeaeque
993 613 1157 688 amplector
1191 613 1298 673 limina

277 704 398 777 portae,
426 705 460 760 ut
482 702 651 761 ostenderet
674 704 765 761 fuisse
790 702 912 778 quidem
934 701 1031 760 multa
1055 720 1130 776 quae
1157 702 1296 760 similitu-

277 791 380 850 dinem
399 793 430 849 et
446 790 593 851 voeabula
616 792 750 851 locorum
773 794 907 851 veterum
931 791 1089 863 adferrent,
1113 808 1172 849 non
1195 794 1297 849 tamen

278 879 470 940 ostenderent
492 879 739 958 magnitudinem.
781 899 852 938 nam
874 881 965 938 Troia
988 881 1096 953 fuerat,
1119 879 1171 938 sed
1193 898 1296 954 parva,

249 972 309 1028 aet
336 969 485 1046 Pergama
512 969 699 1029 mediocriter
726 971 842 1030 structa
869 972 899 1028 et
927 969 1031 1028 sitiens
1059 968 1210 1042 Xanthus,
1236 987 1297 1027 non

276 1059 330 1118 ille
358 1058 395 1117 de
424 1078 482 1134 quo
511 1059 570 1118 alio
598 1060 663 1118 loco
692 1051 737 1140 (5,
757 1051 836 1138 807)
865 1057 976 1116 dictum
1001 1059 1046 1117 est
1073 1076 1145 1131 ,mee
1166 1058 1296 1133 reperire

276 1148 360 1207 viam
384 1150 474 1223 atque
498 1147 634 1207 evolvere
664 1151 765 1224 posset
791 1148 825 1205 in
851 1167 933 1206 mare
962 1165 992 1205 se
1020 1143 1183 1205 Xanthus“.
1207 1218 1209 1220 q
1230 1165 1296 1205 ecce

277 1237 411 1296 ostendit
434 1255 539 1296 verum
561 1237 713 1295 Xanthum
737 1239 855 1314 copiose
878 1237 979 1311 fluere,
1000 1235 1089 1294 illum
1111 1254 1181 1294 vero
1205 1237 1295 1293 simu*

276 1325 376 1383 latum
404 1328 434 1383 et
460 1327 559 1384 rivum
587 1344 648 1385 esse
677 1329 706 1384 et
733 1325 864 1400 aridum,
895 1329 930 1384 ut
957 1326 1055 1384 solum
1082 1343 1204 1398 nomen,
1235 1344 1296 1383 non

240 1433 263 1472 ro
277 1415 373 1472 etiam
404 1432 507 1488 parom
539 1414 737 1473 substantiam
769 1416 920 1473 retineret.
972 1433 1024 1474 aee
1050 1431 1110 1472 aaa
1137 1417 1164 1472 et
1191 1413 1297 1472 Teucri

274 1506 357 1562 socia
380 1504 469 1561 simul
491 1503 563 1562 erbe
584 1503 740 1575 frueretur:
763 1501 896 1576 Aenean,
913 1503 1064 1562 Anchisen
1085 1506 1116 1562 et
1133 1502 1296 1561 Ascanium

275 1592 364 1650 duxit
400 1591 439 1649 ad
475 1592 597 1650 domum
633 1611 730 1665 suam,
767 1592 889 1652 Troiani
927 1593 1018 1652 ceteri
1054 1612 1107 1668 per
1142 1592 1296 1650 civitatem

274 1681 409 1757 hospitia
437 1682 614 1756 acceperunt
641 1700 677 1739 ea
703 1681 847 1759 religione
877 1700 937 1756 qua
964 1701 1022 1741 non
1050 1683 1113 1740 tam
1136 1682 1295 1758 peregrini,

275 1770 328 1830 sed
358 1789 417 1844 qua
445 1769 518 1828 socii
541 1769 636 1846 excipi
659 1769 832 1829 debuerunt.
878 1771 944 1828 illos
962 1772 1124 1843 podicibus
1147 1787 1198 1829 rea
1221 1773 1295 1829 aeee‘·

242 1860 377 1932 rapiebat
397 1861 430 1917 e'a
453 1861 575 1931 amplis:
607 1859 772 1936 accipiebat
795 1860 872 1917 dixit
895 1859 1044 1934 pascebat.
1090 1859 1145 1918 hoe
1170 1859 1295 1918 verbum

274 1948 405 2022 denique
434 1951 464 2007 et
490 1947 563 2006 haee
590 1948 732 2024 loquendi
760 1949 943 2007 cousuetudo
967 1948 1058 2006 etiam
1081 1967 1161 2007 nunc
1183 1951 1213 2005 iu
1238 1967 1295 2007 usu

273 2040 330 2111 est,
350 2055 418 2095 eum
442 2040 560 2112 sumpto
585 2037 685 2113 aliquo
709 2037 863 2096 commodo
887 2037 1011 2095 dicimus
1027 2030 1119 2095 danti
1142 2036 1217 2095 bene
1240 2054 1294 2096 uos

274 2126 389 2202 accipis
412 2125 467 2185 hoo
490 2128 536 2186 est
558 2126 631 2185 bene
655 2145 709 2186 nos
732 2126 824 2201 foves,
843 2126 917 2186 bene
941 2144 994 2186 nos
1015 2126 1122 2202 pascis.
1163 2129 1294 2186 ceterum

273 2215 309 2274 si‘
323 2234 387 2273 non
409 2216 453 2274 ita
476 2219 510 2273 ut
532 2218 663 2291 positum
687 2219 733 2276 est
755 2216 961 2293 intellegatur,
987 2217 1045 2274 erit
1067 2218 1189 2288 vitium,
1213 2218 1239 2275 si
1262 2216 1296 2273 iu'

233 2316 258 2362 to
273 2303 386 2379 amplis
412 2304 589 2381 porticibus,
617 2325 677 2364 non
704 2308 736 2364 in
764 2306 880 2381 amplas
905 2307 1037 2381 porticus
1062 2305 1292 2380 accipiebantur.

342 2394 468 2466 Iamque
495 2395 556 2453 de‘es
582 2395 710 2468 alterque
737 2395 798 2453 ebes
820 2398 976 2468 processit:
1013 2397 1208 2471 augmentum
1235 2394 1347 2452 bea-*356

272 2482 435 2560 nignitatis
463 2483 642 2557 ostenditur,
672 2502 739 2542 cum
766 2484 823 2542 hoc
846 2504 905 2542 non
928 2487 1048 2542 tantum
1070 2503 1130 2541 una
1153 2483 1214 2559 die,
1243 2483 1294 2541 sed

272 2575 305 2630 et
329 2572 427 2630 altera
450 2562 644 2631 exhibebatur
661 2571 835 2648 hospitium.
874 2578 899 2631 et
922 2591 1015 2632 aerae
1036 2574 1101 2632 uela
1124 2577 1228 2631 eeeaat
1250 2576 1293 2629 ta-

271 2660 410 2733 me‘doqae
431 2663 556 2733 testatur
579 2662 720 2720 carbasus
739 2667 854 2720 austro:
876 2662 950 2720 bene
969 2661 1181 2739 suffragantem
1201 2662 1294 2719 ctiam

225 2759 258 2808 ³5
271 2752 400 2809 ventum
422 2749 511 2824 dixit,
542 2769 601 2808 non
625 2752 705 2809 enim
727 2751 791 2810 sola
815 2770 888 2809 aura
911 2750 1098 2827 navigaturis
1122 2751 1221 2808 furerat
1243 2769 1293 2809 ne-

272 2838 411 2899 cessaria.
456 2839 503 2898 ees
525 2844 619 2898 eadem
642 2839 799 2913 adgredior
822 2842 907 2899 dietis
930 2858 964 2898 ae
987 2842 1060 2898 talia
1087 2858 1209 2913 quaeso:
1241 2840 1292 2897 ad-

272 2928 395 3006 gredior
419 2929 505 3003 quasi
529 2929 688 3005 superbum
710 2920 764 3002 est,
789 2947 899 3003 quaeso
923 2932 1023 2988 autem
1046 2928 1172 2986 humile:
1197 2949 1292 2987 unum

272 3018 334 3075 fuit
368 3016 448 3092 quod
479 3019 596 3076 veniret
628 3037 663 3076 ex
695 3016 804 3075 fiducia
836 3017 910 3077 civis
943 3021 973 3077 et
1006 3017 1126 3092 adfinis,
1163 3018 1292 3076 alterum

271 3105 531 3181 honorificentiae,
573 3126 665 3181 quam
704 3106 827 3165 deorum
864 3108 997 3165 omnium
1033 3107 1130 3166 cultor
1166 3106 1293 3165 debebat

221 3203 259 3250 eo
273 3194 431 3254 sacerdoti.
470 3195 644 3269 Troiugena,
668 3198 808 3267 interpres
833 3195 941 3264 diuam,
960 3198 1011 3269 qee'
1032 3199 1157 3255 amalae
1175 3190 1291 3264 Phoebi,

273 3286 324 3358 qae'
348 3284 480 3356 tripodas
506 3283 609 3352 Olare'e',
636 3285 693 3343 hoe
716 3287 761 3342 est
783 3283 948 3359 Apollinis,
974 3285 1087 3352 lauras,
1112 3288 1162 3356 qai
1184 3287 1346 3344 sedereseo

273 3375 379 3441 saceio,
406 3373 463 3453 hoo
491 3376 536 3431 est
556 3376 616 3449 ssqui
644 3374 745 3433 lauros
774 3377 803 3432 et
831 3373 929 3432 sidera
956 3376 1061 3446 sentis,
1090 3379 1116 3432 et
1141 3376 1292 3433 uolucrum

347 3547 363 3594 3
382 3543 518 3609 aeferreeet
535 3542 588 3595 LIt
607 3560 676 3597 corr.
694 3561 709 3595 r
727 3542 770 3597 ed.
842 3548 856 3595 ‘1
876 3560 961 3611 aeque
979 3544 1081 3597 uoluere
1099 3543 1142 3596 ed.
1163 3545 1204 3611 (at
1222 3543 1251 3595 in
1266 3543 1292 3596 V

272 3616 305 3666 ut
323 3612 410 3683 LRl).
503 3618 536 3667 13
560 3631 615 3682 qua
632 3632 689 3667 aaa
707 3621 764 3668 tam
782 3614 835 3667 LR
857 3632 912 3683 qua
930 3631 988 3669 aaa
1006 3614 1055 3668 edI
1076 3631 1133 3668 aaa
1151 3631 1206 3682 qua
1224 3614 1290 3667 edF.

328 3690 363 3738 15
382 3683 457 3738 uteie
473 3684 526 3738 LR
544 3687 570 3739 d.
585 3686 616 3738 id
633 3693 670 3740 est
688 3685 731 3739 ed.
806 3692 839 3738 19
858 3692 890 3739 ut
907 3687 933 3739 se'
946 3687 1068 3754 positura
1087 3684 1139 3737 LR
1158 3701 1226 3739 corr.
1242 3686 1291 3739 ob-

271 3772 355 3809 scure
373 3755 395 3808 L
410 3755 523 3810 limen.
542 3758 567 3810 se'
585 3756 639 3810 del.
658 3775 680 3810 r.
740 3762 773 3809 29
794 3757 888 3811 debeat
906 3757 949 3810 ed.
1008 3762 1040 3809 31
1061 3757 1131 3810 clari
1150 3756 1170 3809 L
1190 3757 1248 3811 clar
1266 3756 1292 3808 R

270 3827 357 3881 clarii
374 3844 395 3880 r.
418 3829 421 3895 Ι
447 3829 544 3882 laurus
562 3828 626 3895 LR,
645 3827 720 3880 infra
739 3829 841 3882 laurae.
