3250 4350
655 411 844 466 ,anunmos
863 412 902 466 iv
1229 414 1292 479 381

272 581 420 655 sequitur.
442 597 562 638 oausam
590 581 817 654 exprobratione
843 599 1051 659 personarum,
1079 587 1113 641 ut
1137 583 1295 660 indignum

274 669 397 728 adserat
427 669 550 727 fautum.
595 671 719 741 femina,
752 688 827 741 quae
858 673 966 728 nostris
996 688 1100 730 errans
1126 673 1159 729 in
1185 674 1295 744 sinibus

272 759 378 815 urbern
401 759 535 831 eaipuunu
551 759 647 830 pretio
665 762 773 831 posuit,
797 760 845 817 eui
868 761 937 817 litus
955 760 1104 818 arandum
1121 763 1223 832 urique
1240 761 1295 820 loci

273 847 352 919 lepes
374 847 520 905 dedimus:
543 847 615 905 tulit
638 866 669 906 se
693 867 711 906 a
733 848 853 907 nomine
877 852 908 906 et
930 848 1077 926 dignitate
1099 868 1243 924 personae
1264 853 1295 909 et

243 938 321 996 suit
339 936 461 995 ,femina
489 936 575 1010 quasi
603 936 712 995 abieoti
739 956 833 997 semis.
878 956 950 995 nam
977 941 1007 996 et
1033 938 1188 997 Terentius
1217 931 1294 1019 (hee.

275 1028 306 1098 2,
329 1017 434 1104 1,17)
457 1025 502 1083 ita
525 1045 560 1083 ex
582 1025 718 1084 iracundi
741 1025 820 1084 senis
843 1045 971 1101 persona
994 1027 1052 1086 ait:
1077 1030 1139 1101 „tu,
1161 1029 1294 1102 inquam,

273 1114 397 1188 mulier,
415 1132 502 1189 .quae
530 1133 577 1172 me
605 1117 725 1173 omnino
748 1115 894 1191 lapidem,
922 1133 982 1173 non
1004 1116 1155 1173 hominem
1177 1115 1293 1190 putas“.

274 1203 363 1262 addit
386 1202 547 1262 seeundum
571 1205 750 1262 eonvioium:
775 1223 851 1279 quae
873 1205 986 1263 nostris
1007 1222 1109 1264 errans
1127 1207 1160 1262 in
1177 1204 1293 1277 finibus,

272 1293 333 1350 hoe
356 1294 401 1350 est
423 1293 582 1368 peregrina
606 1296 636 1351 et
658 1311 745 1370 vaga,
767 1294 872 1352 urbem
895 1294 1033 1371 exiguam
1055 1294 1152 1370 pretio
1180 1295 1293 1369 posuit:

228 1403 259 1444 ro
274 1400 338 1439 non
362 1399 420 1455 quo
443 1400 512 1439 vere
536 1383 644 1459 exigua
666 1383 781 1458 fuisset,
805 1382 857 1440 sed
879 1383 974 1441 talem
997 1382 1093 1442 dioere
1116 1383 1218 1441 debuit
1242 1383 1294 1458 qui

273 1469 472 1528 deformantis
495 1471 594 1528 animo
618 1470 803 1546 loquebatur.
844 1474 941 1547 pretio
965 1475 1074 1546 posuit,
1098 1491 1174 1546 quae
1198 1471 1295 1532 adhue

274 1559 377 1618 sedem
400 1577 460 1617 non
482 1559 646 1632 habuisset,
666 1561 725 1618 nisi
748 1579 802 1637 ego
827 1563 855 1617 ei
878 1563 1018 1636 exiguum
1041 1563 1174 1636 spatium
1193 1561 1293 1619 vendi-

274 1647 395 1720 dissem,
418 1651 452 1706 nt
474 1647 531 1707 hoe
554 1667 661 1725 genere
685 1649 855 1708 ostenderet
872 1668 982 1707 novam
1006 1649 1157 1709 dominam
1180 1650 1293 1709 deferre

273 1736 443 1812 potioribus
467 1739 497 1795 et
520 1737 716 1814 originalibus
740 1737 846 1796 ineolis
869 1740 899 1796 et
920 1738 1071 1813 prioribus
1095 1739 1223 1797 dominis
1244 1739 1293 1796 de·

229 1848 257 1888 15
273 1827 383 1884 buisse.
437 1828 485 1883 oui
516 1827 590 1885 litus
623 1827 768 1884 arandum
800 1827 906 1902 unique
938 1826 997 1886 loei
1033 1828 1113 1904 leges
1146 1827 1293 1888 dedimus:

274 1916 392 1988 colona,
410 1915 519 1991 inquit,
537 1919 640 1974 nostra
664 1922 708 1974 est
727 1915 781 1974 sub
800 1915 910 1974 nostris
930 1915 1046 1993 legibus
1066 1917 1182 1994 degens.
1220 1918 1294 1975 haee

273 2023 337 2063 non
361 2007 430 2062 sunt
452 2006 552 2062 omnia
575 2025 630 2080 pro
654 2003 731 2062 veris
756 2005 939 2079 accipienda,
965 2023 1041 2080 quae
1065 2024 1166 2065 amens
1189 2005 1293 2065 funde·

273 2093 339 2164 bat,
358 2112 434 2167 qnae
452 2093 586 2152 iactabat
603 2093 750 2168 inimicus,
770 2111 847 2168 quae
865 2093 1015 2152 clamabat
1033 2095 1138 2152 iratus.
1169 2096 1293 2153 conubia

273 2186 379 2241 nostru
404 2185 531 2255 reppulit
557 2201 592 2242 ue
619 2184 768 2242 dominun
790 2183 915 2242 Aenean
940 2186 981 2241 in
1000 2202 1091 2257 repnu
1113 2187 1231 2256 recepit:
1263 2187 1294 2243 et

229 2294 258 2338 2⁰
273 2289 470 2347 personarum
498 2275 529 2330 et
555 2273 629 2331 faeti
657 2272 901 2347 conparationem
927 2273 1040 2331 faciens
1070 2274 1113 2332 ait
1144 2276 1293 2333 reeusarit

274 2362 380 2419 nostra
403 2359 542 2419 conubia:
566 2364 669 2420 nostra
692 2362 771 2435 qnod
795 2361 879 2435 dixit,
901 2361 933 2419 in
954 2363 1129 2437 pronomine
1152 2364 1292 2421 meritum

274 2467 421 2524 personae
449 2452 534 2525 quasi
561 2450 692 2509 melioris
721 2453 751 2509 et
781 2450 959 2526 potentioris
992 2454 1151 2526 expressit3
1187 2450 1292 2509 deinde

274 2537 396 2597 conubii
428 2538 738 2598 commemorationem
769 2540 853 2613 feeit,
885 2542 920 2597 ut
948 2540 1117 2599 ostenderet
1143 2541 1175 2596 in
1203 2559 1293 2599 eausa

274 2628 401 2685 honesta
419 2628 602 2703 postulatam
621 2627 772 2703 repulsam
789 2630 941 2687 remittere
959 2628 1109 2705 maluisse,
1124 2632 1293 2703 susceptum

229 2740 258 2781 as
276 2719 379 2775 autem
396 2716 518 2774 Aenean
542 2716 695 2775 dominum
712 2719 814 2793 potius
835 2736 927 2793 qnam
944 2719 1094 2776 maritum.
1130 2716 1218 2776 huius
1242 2717 1292 2775 ob-

274 2806 487 2867 trectationem
514 2804 681 2883 subiungit,
708 2810 742 2865 nt
770 2808 860 2865 satiet
886 2806 1097 2883 indignitatem
1124 2806 1197 2865 faeti
1225 2825 1292 2865 eum

275 2896 340 2954 eius
368 2894 582 2953 deformatione
611 2915 699 2970 quem
725 2914 756 2954 se
780 2898 950 2970 contempto
975 2896 1094 2954 dolebat
1117 2894 1291 2955 admissum:

276 2988 304 3042 et
321 3001 400 3042 uuae
416 2984 465 3041 ille
483 2984 585 3043 Paris:
608 3005 661 3059 per
680 2985 835 3063 originalis
853 2984 983 3043 hominis
1001 2984 1151 3043 inlicitum
1169 2986 1344 3043 faetum215

275 3072 388 3131 crimen
418 3075 575 3131 inventum
607 3077 664 3148 est,
697 3074 780 3132 ouius
811 3073 929 3132 Aeneas
962 3073 1137 3132 adficeretur
1167 3074 1291 3147 invidia,

349 3230 363 3276 1
388 3226 600 3292 approbatione
622 3224 675 3277 LR
701 3226 824 3294 eaprobr.
843 3242 894 3278 nos
922 3227 1120 3294 approbatione
1143 3225 1218 3279 red.

274 3302 292 3348 4
313 3295 379 3365 lepis
397 3294 456 3349 LR.
537 3300 598 3349 ou
615 3297 761 3351 terrentius
778 3295 832 3349 LR
849 3303 874 3350 et
892 3313 945 3349 om.
961 3297 1003 3349 ed.
1082 3297 1229 3351 sauuiuu
1246 3298 1289 3350 ed.

349 3370 490 3436 tuapaus
508 3366 551 3420 ed
626 3371 659 3419 10
677 3384 734 3421 uou
753 3369 825 3436 quod
844 3367 887 3422 ed
907 3370 950 3437 (nt
968 3367 1057 3437 solet)
1130 3372 1234 3421 11-12
1253 3367 1291 3420 ad

274 3438 332 3491 duo
354 3438 441 3491 sedern
459 3437 481 3489 L
504 3436 623 3491 alteram
646 3439 665 3492 d
683 3454 744 3507 exp
763 3455 838 3492 man.
852 3438 878 3492 H
895 3439 1075 3493 aduosseden
1093 3439 1118 3491 a
1139 3439 1258 3492 aliters
1277 3456 1291 3489 r

275 3509 367 3562 adbuc
384 3510 472 3563 sedeur
490 3509 533 3562 ed.
597 3515 629 3562 12
649 3526 741 3564 noser
759 3510 897 3564 oLRed
912 3511 969 3565 nisi
982 3527 1060 3564 noer
1077 3510 1268 3580 nisieponos
1284 3509 1288 3580 l

274 3579 487 3649 arripueram
521 3580 740 3635 vindedissean
790 3582 1007 3636 ueudedisseuus
1024 3599 1038 3634 r
1055 3581 1228 3635 vendidimus
1246 3579 1289 3634 ed.

284 3703 287 3707 Α
333 3657 365 3703 te
384 3651 959 3719 atdeestmLRaddred,et1062
1022 3650 1289 3705 16etsubLRed

274 3727 316 3776 est
333 3739 354 3775 s.
373 3737 432 3776 nos.
502 3728 535 3775 21
555 3723 628 3778 diait
645 3722 697 3776 LR
715 3724 758 3777 ait
776 3694 819 3778 ed.
884 3694 917 3777 ⁶2⁹9
937 3725 1068 3793 aspiraret
1068 3741 1104 3778 ur
1057 3722 1173 3776 tLR
1192 3721 1273 3790 abjir

274 3800 353 3850 retur
371 3793 428 3848 edF
447 3794 610 3860 adficeretur
627 3810 686 3850 nos.
1128 3845 1130 3848 ,
