3250 4350
351 423 418 488 182
631 422 772 478 norem
787 423 959 479 mmm
977 423 1085 479 msc.

349 610 437 667 sopor
461 593 555 666 steros
577 593 764 667 coreplcddw
783 598 884 652 anus:
914 593 1100 668 necessitate,
1121 595 1231 668 inquit,
1255 592 1363 653 lateris

349 682 1363 758 aeternporiseilentiumfactnrnestornninmornnesqnedor

349 772 481 830 ruerunt
501 771 571 846 fusi,
593 771 706 831 laboris
727 776 853 848 propter
873 774 944 847 equi
965 775 1106 844 tractum,
1126 773 1273 847 temporis
1295 789 1363 830 vero

349 879 410 937 quo
431 860 567 920 homines
588 864 698 920 natura
716 864 843 938 urgente
860 864 1010 938 coguntur
1028 862 1060 919 in
1078 879 1222 918 somnum.
1260 864 1288 919 et
1303 863 1364 920 iem

295 946 474 1024 tetdrpioa
490 950 630 1021 phalam
649 952 950 1008 immissoribus
966 951 1030 1009 ibai
1046 969 1066 1009 a
1086 950 1215 1008 Tenedo.-
1235 949 1295 1008 iter
1312 968 1364 1024 per
1386 967 1396 1006 e

348 1041 461 1098 terram
483 1038 610 1098 dicimus
632 1038 706 1113 fieri,
727 1038 785 1098 hoc
805 1043 909 1097 tamen
930 1039 997 1098 loeo
1014 1039 1102 1098 ibant
1117 1040 1227 1114 inquit,
1244 1038 1302 1098 hoc
1320 1041 1365 1097 eet

348 1127 475 1186 navibus
496 1126 680 1201 ferebantur,
698 1128 840 1204 qnoniam
857 1128 988 1186 insulam
1005 1127 1121 1186 dixerat
1139 1127 1300 1202 Tenedum,
1319 1145 1364 1200 ne,

348 1218 375 1275 si
397 1216 521 1275 navimn
542 1235 603 1276 non
621 1217 740 1277 fecisset
756 1217 948 1291 mentionem,
964 1220 1126 1292 putaretur
1142 1218 1290 1276 inmemor
1308 1217 1364 1289 sui,

348 1309 384 1363 ut
405 1309 518 1364 terram
539 1310 665 1381 poneret
687 1325 779 1383 quam
800 1306 963 1366 secundum
983 1305 1212 1381 descriptionem
1232 1307 1363 1381 superio

347 1411 412 1452 rem
443 1394 558 1452 nullam
589 1412 653 1454 esse
685 1396 850 1455 constabat.
902 1396 1007 1453 iactor
1032 1412 1090 1467 per
1120 1397 1216 1453 ααὶοα
1247 1396 1397 1454 silendos

347 1483 437 1541 hemo
463 1483 551 1542 litora
576 1489 647 1542 nota
668 1489 785 1557 peiores:
816 1484 906 1542 multi
927 1485 1036 1543 vitium
1062 1487 1172 1563 putant
1198 1483 1364 1558 scribentis,

348 1572 460 1647 utqui
483 1572 559 1630 dixit
577 1575 625 1647 „et
647 1575 709 1632 ruit
727 1571 846 1632 Oceano
868 1593 927 1633 nox
950 1573 1104 1632 involvens
1129 1573 1237 1631 rnnbra
1255 1591 1364 1649 magna

348 1663 518 1736 terramque
549 1663 712 1738 polumque
737 1661 1019 1738 Myrmidonumque
1046 1660 1147 1721 dolos“
1174 1662 1224 1720 hic
1254 1661 1364 1720 diceret

347 1750 459 1808 tacitae
485 1768 539 1824 per
566 1750 663 1810 amica
689 1750 810 1810 silentia
837 1752 935 1809 lunae.
980 1751 1096 1810 nullum
1117 1752 1150 1809 in
1172 1750 1229 1810 hoc
1256 1751 1363 1808 vitium

348 1841 407 1911 eet,
440 1840 466 1898 si
498 1839 618 1914 quidem
648 1840 810 1899 nonnullae
842 1843 944 1899 noctes
975 1840 1087 1899 habent
1118 1841 1231 1914 primas
1268 1840 1363 1915 partis
1376 1854 1397 1894 re

347 1926 530 2002 tenebrosas,
568 1931 718 2002 sequentia
750 1947 823 1988 vero
854 1930 928 1988 luna
959 1929 1186 2005 superveniente
1218 1927 1362 1988 inlustris.

347 2016 409 2075 tale
437 2035 507 2094 ergo
535 2018 630 2076 noctis
658 2021 775 2093 tempus
802 2018 955 2095 elegerant
983 2017 1089 2076 Graeci
1117 2017 1195 2092 quod
1225 2017 1362 2075 tenebras

347 2105 470 2164 heberet
502 2109 664 2181 oportunae
697 2107 870 2183 conplendis
902 2106 1020 2164 insidiis
1050 2110 1080 2165 et
1107 2107 1203 2165 somni
1232 2108 1363 2182 quietem

348 2195 434 2253 daret
457 2199 486 2254 et
510 2196 616 2255 dehinc
639 2197 753 2271 aliquid
776 2198 898 2256 luminis
926 2216 961 2255 ex
988 2197 1081 2254 radiis
1107 2195 1210 2269 lunae,
1238 2199 1273 2254 ut
1301 2196 1363 2254 sine

348 2285 479 2357 periculo
513 2286 561 2343 vel
593 2305 691 2344 errore
723 2286 860 2344 venirent
893 2306 909 2342 a
938 2286 1056 2343 Tenedo
1089 2285 1127 2343 ad
1154 2286 1287 2344 civitatis
1316 2304 1362 2342 er·
1375 2300 1398 2340 eo

349 2372 469 2431 eidium.
516 2375 606 2433 litora
630 2378 704 2433 nota
724 2378 843 2450 petens,
871 2379 905 2433 nt
928 2375 986 2432 duo
1009 2373 1195 2433 venientibus
1219 2374 1363 2452 suffraga-

348 2465 458 2535 rentur,
481 2463 553 2521 luna
573 2467 604 2521 et
620 2465 743 2522 litorum
760 2466 878 2522 notitia.
916 2466 1053 2534 flammae
1071 2482 1136 2522 cum
1154 2466 1238 2535 recia
1249 2466 1364 2536 proppis

348 2553 499 2618 extulerat,
529 2554 614 2626 quia,
641 2555 786 2612 venientis
811 2552 904 2611 Sinon
927 2555 953 2610 si
976 2553 1076 2611 videre
1099 2551 1257 2627 nequibat,
1280 2552 1363 2609 flam-

348 2658 463 2697 marum
496 2641 606 2698 lumine
640 2641 800 2699 adventum
833 2661 954 2700 suorum
982 2644 1102 2717 poterat
1129 2659 1257 2699 noscere.
1305 2659 1362 2717 quo

348 2731 467 2804 cognito
496 2730 574 2787 idem
599 2729 705 2803 Sinon,
732 2732 859 2802 fatisque
886 2732 972 2789 deum
995 2731 1131 2803 defensus
1155 2732 1278 2802 iniquia,
1308 2731 1399 2787 hoca

348 2821 393 2874 est
425 2818 579 2875 uoluntate
612 2819 734 2877 deorum
767 2820 805 2877 ad
833 2820 1031 2879 Troianorum
1063 2818 1188 2877 adversa
1218 2822 1363 2890 servatus,

348 2906 401 2980 qui
437 2907 517 2964 solus
554 2908 737 2985 pervigilans
773 2911 819 2965 est
854 2911 977 2984 propter
1013 2907 1192 2984 conplendas
1230 2907 1363 2980 insidias,

346 2991 585 3066 [dulescentem
600 2998 724 3055 Danaos
740 3002 765 3054 ei
774 3000 868 3069 pineo
881 3000 985 3070 furtim
982 2996 1004 3071 J
1022 2999 1104 3055 locat
1116 2998 1247 3054 claustro
1261 2995 1364 3055 Sinon.

419 3171 434 3216 3
455 3166 557 3219 loboris
575 3166 627 3217 LR
646 3167 736 3220 labore
755 3166 831 3219 red.
851 3166 933 3235 (falso
953 3184 1017 3219 cum
1035 3166 1095 3232 fusi
1113 3164 1337 3234 coniungentes).
1356 3166 1361 3232 i

346 3237 475 3303 temporis
488 3254 549 3290 uero
564 3237 616 3290 ΒΕ
634 3238 700 3305 (non
715 3240 783 3289 mut.
798 3240 822 3306 r)
840 3244 966 3306 concepto
980 3244 1133 3304 temporeo.
1147 3235 1192 3289 ed.
1250 3241 1265 3289 6
1286 3238 1365 3291 dani

348 3307 399 3360 LR
418 3307 474 3360 cd:
501 3312 551 3362 aut
569 3310 687 3362 oucibus
705 3309 843 3362 excidisse
863 3311 912 3361 aut
930 3310 979 3362 hoc
996 3316 1035 3363 eet
1052 3310 1117 3377 post
1135 3307 1255 3361 mnibus
1273 3310 1363 3361 trane

347 3379 508 3447 ponendum
527 3395 587 3432 esee
606 3381 683 3448 puto.
763 3386 775 3430 7
800 3381 926 3434 Tenedon
945 3381 987 3433 ed.
1069 3385 1102 3432 10
1120 3379 1229 3432 nullom
1248 3378 1302 3431 LR
1322 3377 1363 3431 ed.

347 3451 486 3504 insulam?
574 3456 606 3503 15
626 3451 744 3504 habeant
762 3451 814 3503 LR
832 3453 931 3505 habent
948 3470 963 3504 r
981 3450 1024 3504 ed.
1108 3455 1141 3503 18
1160 3455 1186 3504 et
1203 3452 1295 3504 'comm
1313 3448 1364 3502 LR

347 3527 372 3573 et
390 3522 470 3589 qood.
490 3538 509 3574 s.
530 3521 573 3573 ed.
647 3528 680 3575 21
700 3523 887 3592 auffrepnrent
904 3523 936 3575 R,
1010 3528 1044 3574 23
1062 3522 1088 3575 si
1105 3525 1245 3589 transpos.
1266 3521 1311 3574 ed.

346 3599 380 3644 Ἠ
410 3599 434 3645 et
460 3599 571 3660 propter
599 3593 650 3644 LR
678 3609 781 3661 quaere
809 3594 928 3646 adnotat
955 3612 969 3645 r
996 3593 1194 3647 et-iosidioe
1222 3594 1290 3645 ante
1317 3592 1365 3660 qui

346 3662 549 3731 transpositum
572 3663 616 3716 vel
640 3670 665 3717 et
683 3669 797 3733 propter
820 3667 941 3719 timorem
965 3664 1095 3717 additum
1117 3663 1178 3716 vult
1200 3663 1226 3715 r'
1252 3671 1293 3718 ert
1314 3679 1364 3732 pro

345 3739 374 3856 ες
396 3750 463 3787 corr.
484 3734 549 3786 edF.
646 3741 680 3788 28
703 3737 976 3802 inclusos-furtim
999 3735 1079 3789 deest
1101 3735 1131 3787 in
1154 3734 1219 3802 LR,
1244 3735 1296 3789 sed
1320 3750 1363 3787 ex·

344 3803 477 3859 nicatur,
