3250 4350
667 430 851 486 AENEIDOS
869 432 883 484 Ι
1219 432 1283 496 109

275 601 298 656 et
319 599 444 676 deserta,
462 601 625 678 naufragos
643 603 745 660 temen
763 603 862 677 prima
880 604 1058 676 susceperat.
1093 604 1172 661 certe
1191 603 1284 661 etiem

272 689 309 746 sic
334 692 436 764 potest
462 691 598 768 intellegi
625 692 755 766 primam
782 709 845 749 esse
872 693 984 749 terram
1015 690 1114 749 litoris
1144 694 1283 766 tractum,

270 778 427 836 secundam
457 797 533 853 qnae
560 779 679 856 longius
708 779 927 857 progredientis
951 779 1075 854 excipit,
1102 782 1137 837 ut
1159 783 1284 839 satiaret

269 867 348 941 quod
379 867 456 926 dixit
487 869 619 944 hospitio
651 869 844 944 prohibemur
871 869 1008 927 harenae.
1054 872 1226 944 perseverat
1251 871 1284 927 in

245 956 321 1016 chao
354 955 523 1015 subtilitate
556 957 688 1031 dicendi,
710 958 756 1016 'ut
786 958 1018 1016 inhumanitatis
1050 957 1165 1016 invidia
1193 960 1284 1016 etiem

266 1047 363 1121 ipsam
386 1043 535 1105 Didonem
558 1046 679 1121 oblique
702 1047 888 1120 criminetur3
910 1066 982 1105 nam
1005 1065 1072 1105 cum
1095 1046 1131 1105 de
1154 1046 1192 1105 iis
1215 1066 1284 1122 que·

265 1133 344 1192 ritur
367 1152 444 1210 quos
465 1135 592 1211 imperio
613 1136 692 1194 Dido
715 1135 865 1194 retinebat
884 1140 914 1194 et
932 1155 1033 1214 regno,
1050 1137 1148 1211 ipsam
1167 1153 1285 1211 quoque
1340 1207 1342 1211 Ι

266 1223 385 1299 adpetit
408 1226 439 1282 et
455 1225 564 1300 culpat
587 1244 605 1283 a
630 1244 689 1300 qua
710 1227 794 1284 iussa
811 1224 1014 1299 mandataque
1032 1224 1181 1299 proficisci
1199 1224 1284 1283 dubi-

264 1315 326 1371 tari
350 1330 408 1371 non
434 1315 561 1389 poterat.
608 1333 702 1389 usque
726 1315 799 1372 adeo
823 1314 880 1372 hoc
903 1333 1006 1373 verum
1032 1316 1090 1387 est,
1118 1317 1153 1372 ut
1179 1314 1285 1373 relicta

228 1425 252 1463 ro
266 1401 438 1460 subtilitate
464 1405 498 1461 in
524 1403 618 1478 ipsius
647 1421 764 1478 quoque
796 1405 918 1481 reginae
949 1422 1109 1478 personam
1139 1404 1286 1462 invidiam

266 1509 386 1549 omnem
413 1494 564 1566 posterius
590 1492 721 1551 torserit.
767 1491 885 1550 addidit
912 1494 993 1550 euim
1018 1494 1046 1550 si
1068 1510 1160 1565 penus
1182 1494 1286 1551 iwrio-

265 1597 339 1638 oom
367 1585 395 1638 et
420 1582 559 1640 mortalia
585 1582 711 1639 temnitis
736 1599 835 1649 ormo,
866 1599 925 1640 non
953 1581 1029 1640 dixit
1055 1583 1206 1655 temnunt,
1234 1581 1286 1644 sed

266 1670 415 1742 temnitis,
449 1674 481 1727 ot
506 1674 620 1743 sperate
647 1671 715 1728 deos
741 1687 881 1729 mersores
912 1670 1000 1743 foedi
1030 1675 1116 1743 atque
1147 1671 1286 1742 oefoodi:

268 1775 334 1815 ecoe
357 1761 390 1816 et
411 1758 461 1817 hie
484 1761 602 1833 sperate
625 1759 726 1834 posuit
747 1761 847 1834 ipsam
868 1778 986 1835 quoque
1009 1759 1158 1817 Didonem
1180 1761 1286 1835 culpae

231 1866 255 1906 is
267 1846 498 1906 inhumanitatis
526 1847 699 1923 adnectens3
731 1849 769 1922 si,
793 1848 906 1923 inquit,
929 1849 1120 1907 contemnitis
1142 1849 1286 1922 homines,

268 1937 338 1993 sunt
361 1935 405 1994 dii
430 1938 482 2010 qui
503 1937 618 1996 iniusta
640 1936 800 1996 vindicent.
833 1956 885 1996 rec
903 1942 966 1996 croi
983 1935 1100 1995 Aeneas
1118 1939 1211 2005 cobis,
1230 1955 1286 2010 quc

266 2026 374 2083 iustior
405 2026 480 2084 citer
508 2043 560 2083 occ
584 2028 692 2099 pietate
721 2027 781 2098 fuit
811 2045 864 2085 nec
896 2027 966 2086 bello
998 2029 1094 2085 maier
1122 2031 1148 2085 ct
1175 2029 1340 2085 erminceo

268 2131 353 2186 quon
376 2117 403 2172 si
424 2116 491 2187 faio
508 2117 605 2174 circem
623 2119 749 2184 servunt,
768 2118 795 2174 si
812 2118 938 2175 vescitur
956 2134 1034 2175 curo
1052 2117 1181 2175 aetherio
1196 2133 1288 2189 ecque

268 2204 367 2261 adbuc
388 2205 554 2263 crudelibus
576 2205 695 2263 occubat
715 2207 837 2281 umbris,
860 2223 918 2264 ccc
941 2210 1050 2277 metus;
1072 2208 1169 2279 officio
1191 2223 1244 2264 oce
1261 2211 1288 2264 te
1332 2224 1335 2229 ’

235 2311 257 2351 so
269 2296 396 2351 certasse
412 2295 544 2366 priorem
562 2296 726 2366 poeniteat:
748 2299 819 2353 acroi
841 2300 867 2353 et
887 2294 995 2353 Siculis
1016 2297 1182 2368 ropionibus
1200 2296 1287 2354 urbes

269 2400 413 2454 armoque
437 2383 620 2455 Troianoque
643 2401 664 2442 a
685 2386 829 2457 sanquine
856 2384 956 2442 clarus
977 2382 1103 2442 Acestes.
1149 2386 1181 2442 in
1209 2390 1341 2460 regesto

269 2490 323 2530 suo
346 2470 427 2529 bona
451 2474 543 2530 animi
565 2472 704 2532 laudavit
726 2476 757 2531 et
779 2474 925 2547 corporis:
958 2474 1051 2531 enimi
1074 2477 1144 2531 sunt
1170 2475 1288 2531 iustitia

270 2565 300 2618 et
327 2561 441 2635 pietaS,
468 2562 601 2637 corporis
628 2580 699 2620 vero
727 2564 862 2636 spectata
889 2563 985 2619 virtus
1012 2563 1045 2619 in
1076 2563 1287 2620 exercitatione
1368 2569 1370 2571 ’

270 2647 419 2723 bellandi,
447 2668 523 2723 qnae
545 2669 606 2708 non
630 2650 776 2725 superflue
798 2652 909 2726 posuit.
954 2669 1024 2708 nam
1047 2670 1102 2726 pro
1124 2649 1287 2709 benefactis

237 2739 445 2813 repromisisse
464 2738 649 2817 intellegitur
666 2740 852 2798 consimilem
869 2741 965 2799 vicem
983 2739 1020 2797 ab
1040 2759 1074 2798 eo
1099 2740 1151 2814 qui
1170 2739 1289 2799 iustitia

269 2830 439 2902 praestaret
467 2831 497 2886 et
522 2827 636 2903 pietate
664 2832 693 2886 et
720 2848 774 2905 pro
807 2829 974 2887 malefactis
1007 2829 1165 2903 ultionem,
1199 2848 1287 2904 quam

269 2919 374 2992 posset
396 2916 511 2992 inplere
529 2916 583 2992 qui
600 2919 714 2976 virtute
731 2918 899 2977 confideret.
938 2917 1170 2992 quampulchre
1189 2922 1289 2976 autem

270 3008 421 3064 varietate
448 3024 522 3064 usus
550 3009 609 3080 est,
636 3010 671 3065 ut
693 3025 785 3065 unam
806 3026 870 3066 rem
892 3007 1054 3082 tripliciter
1076 3007 1199 3066 diceretl
1245 3009 1289 3065 ait

270 3095 354 3153 enim
386 3113 475 3168 quem
507 3096 534 3153 si
565 3096 630 3154 fata
660 3094 759 3154 virum
789 3100 909 3155 servant
935 3097 991 3154 hoc
1019 3100 1064 3155 est
1092 3096 1120 3155 si
1145 3096 1235 3169 vivit,
1263 3098 1290 3154 si

230 3201 256 3242 se
270 3185 405 3242 vescitur
432 3202 505 3241 aura
533 3185 665 3243 aetheria
687 3184 719 3242 id
742 3187 788 3243 est
815 3185 842 3243 si
867 3184 1025 3243 incolumis
1052 3187 1166 3259 manet,
1194 3203 1289 3260 neque

270 3272 371 3330 adhuc
404 3272 571 3332 crudelibus
604 3274 729 3333 occubat
760 3273 888 3347 umbris,
923 3274 978 3331 hoc
1015 3275 1094 3332 idem
1132 3273 1288 3351 significat.

271 3365 338 3439 agit
361 3363 476 3420 interea
496 3381 606 3440 magna
624 3366 689 3421 erte
707 3365 745 3421 ut
761 3366 847 3438 petat
863 3381 958 3438 parva
977 3366 1007 3421 et
1024 3365 1193 3440 ingentium
1211 3381 1289 3422 com·

347 3534 363 3581 t
382 3530 493 3584 invidio
511 3547 563 3585 om.
578 3532 621 3586 ed
696 3537 712 3585 6
730 3533 793 3586 de
781 3533 819 3586 iis
835 3531 878 3584 Lr
895 3533 951 3585 diis
969 3531 994 3584 u
1012 3534 1045 3586 de
1062 3534 1105 3587 bis
1123 3532 1166 3586 ed
1184 3534 1188 3600 Ι
1209 3549 1290 3600 quoc-

270 3603 348 3655 rituo'
365 3599 420 3653 th
437 3602 561 3669 queritur
578 3620 593 3654 r
611 3602 654 3656 ed.
745 3609 761 3656 8
780 3602 944 3657 dubitariL
964 3620 1004 3657 ·re
1022 3604 1054 3657 lt
1148 3604 1212 3656 15
1200 3605 1292 3671 coquit

271 3689 326 3727 om.
350 3672 394 3726 ed.
503 3673 732 3728 rainecourt.
843 3679 1098 3745 aemoepectoto
1120 3690 1178 3729 oni
1196 3674 1243 3729 ed

271 3750 307 3799 26
326 3749 355 3797 et
373 3745 441 3796 ante
451 3760 508 3810 pro
525 3760 576 3796 om
597 3744 653 3797 ed
663 3746 675 3813 l
701 3746 832 3805 ultricem
852 3765 939 3819 quam
956 3748 1014 3806 th
1030 3768 1061 3808 u
1082 3751 1214 3823 clipiaco
1230 3767 1248 3802 r

268 3820 306 3865 27
313 3813 438 3878 pulchra
451 3828 473 3861 t.
565 3816 635 3864 32'
619 3832 718 3884 eriperes
734 3819 780 3874 ed.
