3250 4350
587 459 592 468 ·
692 424 900 480 PRAEFATIO
1254 425 1307 480 XV

282 597 350 671 ipse
373 597 497 671 profert.
542 597 603 653 iam
628 597 683 671 qui
704 595 778 654 mihi
801 594 1002 655 assentientur
1024 614 1061 653 ne
1083 595 1160 653 illud
1186 594 1307 670 quidem

284 683 527 762 aspernabantur
550 685 631 759 quod
653 686 686 743 in
707 684 811 743 libello
834 702 901 742 meo
924 685 1092 760 suspicatus
1113 703 1187 759 snm,
1206 683 1306 743 Dona·

282 779 359 848 tum,
384 775 439 849 qui
462 792 530 833 cum
553 774 622 832 aliis
645 774 718 833 locis
741 776 807 831 tum
830 773 861 831 in
882 775 1034 849 prooemio
1053 774 1208 832 inimicum
1226 792 1256 833 se
1276 775 1307 833 et

287 866 524 938 contemptorem
548 864 812 939 grammaticorum
831 865 862 920 et
879 863 1092 940 magistrorum
1111 863 1141 922 et
1159 879 1305 920 commen·

288 955 421 1012 totamm
444 950 630 1030 profiteatur,
651 951 750 1011 verbis
773 953 805 1010 in
828 950 976 1027 principio
999 951 1106 1026 positis
1129 953 1216 1026 „post
1237 951 1306 1010 illos

287 1073 330 1082 -
352 1039 529 1117 reliquisse“
562 1040 689 1100 fortasse
720 1039 857 1099 Servium
887 1041 1118 1116 grammaticum
1150 1042 1180 1098 et
1211 1041 1305 1117 magi-

286 1133 383 1189 strum
418 1128 501 1188 urbis
538 1131 569 1188 et
605 1130 887 1188 commentariorum
924 1131 1099 1203 scriptorem
1141 1128 1305 1188 denotasse.

286 1218 396 1295 quodsi
418 1237 487 1277 cum
509 1217 619 1277 codicis
643 1219 819 1296 Baginensis
843 1221 1020 1293 correctore,
1048 1219 1102 1293 qui
1129 1219 1234 1292 quanti
1261 1218 1306 1275 fa·

286 1308 409 1368 ciendus
438 1309 478 1367 sit
504 1307 585 1366 infra
613 1326 772 1383 exponam,
803 1309 837 1364 in
863 1307 1011 1382 principio
1038 1309 1186 1381 prooemii
1212 1304 1305 1381 „tibr‘

285 1415 342 1473 pro
366 1395 476 1472 „mihi“
500 1397 599 1473 legere
621 1397 753 1471 placeat,
776 1415 823 1455 res
845 1396 890 1455 ita
913 1415 944 1456 se
966 1395 1075 1455 habere
1098 1395 1248 1471 videatur,
1271 1398 1307 1453 ut

286 1485 425 1545 Donatus
448 1504 545 1559 senex,
569 1503 638 1544 cum
660 1485 756 1544 filium
779 1504 868 1544 snum
889 1486 1017 1544 tironem
1041 1485 1073 1542 in
1095 1486 1233 1561 magistri
1258 1505 1306 1542 ur·

288 1575 333 1634 bis
362 1575 464 1634 schola
491 1594 599 1650 parum
628 1575 666 1633 ad
688 1574 858 1653 Vergilium
884 1573 1118 1650 intellegendum
1145 1574 1306 1649 profecisse

287 1666 486 1742 cognovisset,
509 1665 571 1722 suis
593 1663 894 1741 interpretationibus
917 1664 1059 1722 damnum
1077 1664 1220 1722 resarcire
1238 1679 1307 1721 con·

287 1752 422 1812 stituarit
444 1771 498 1811 nec
520 1771 603 1811 more
625 1755 745 1812 tantum
767 1756 903 1812 veterum
925 1753 958 1810 in
979 1751 1065 1811 libris
1088 1751 1253 1825 didacticis‚
1273 1755 1307 1810 ut

287 1862 315 1901 v.
331 1842 358 1901 d.
374 1841 498 1901 Hoeven
516 1861 544 1917 p.
561 1835 618 1901 351
639 1845 738 1918 putat,
761 1842 813 1900 sed
835 1842 892 1900 hac
914 1843 1038 1917 propria
1059 1843 1176 1900 ratione
1200 1840 1306 1899 ductus

287 1931 327 1990 ad
353 1930 451 1989 filium
479 1931 639 2006 scripserit.
685 1931 761 1997 mihi
788 1931 909 2006 quidem
938 1933 990 2006 qui
1018 1950 1135 1990 omnem
1159 1929 1307 1989 scribendi

286 2037 412 2079 causam
440 2018 478 2078 ab
505 2021 672 2080 instruendi
699 2019 756 2078 filii
782 2022 959 2079 necessitate
986 2019 1064 2095 petit
1085 2019 1139 2077 illo
1162 2018 1307 2094 prooemii

286 2110 354 2169 loco
378 2127 439 2168 non
462 2111 672 2168 convenienter
695 2108 731 2168 de
754 2111 815 2168 suis
838 2110 935 2188 magis
958 2127 1049 2186 quam
1073 2108 1108 2166 de
1131 2107 1188 2166 filii
1207 2107 1306 2166 docto-

286 2199 372 2258 ribus
391 2200 524 2276 cogitaro
542 2199 670 2258 videtur.
708 2202 839 2258 ceterum
857 2218 917 2259 non
935 2200 1024 2257 nimis
1042 2198 1099 2256 hoc
1116 2199 1203 2274 pensi
1221 2196 1307 2271 duco,

286 2287 451 2348 dummodo
469 2287 621 2347 Donatum
640 2287 738 2346 Servii
761 2290 990 2347 commentarios
1013 2289 1149 2365 cognitos
1166 2286 1307 2345 habuisse

286 2377 482 2451 concedatur,
514 2396 552 2435 ne
585 2378 652 2452 quis
683 2378 760 2435 forte
794 2396 862 2435 eum
892 2380 962 2435 ante
989 2375 1127 2435 Servium
1155 2374 1307 2451 scripsisse

287 2468 438 2542 opinetur.
483 2468 631 2526 iuniorem
659 2485 727 2524 eum
754 2467 847 2525 fuisse
875 2466 1039 2525 necessario
1068 2468 1254 2540 sequeretur,
1282 2466 1308 2523 si

286 2574 395 2614 verum
427 2557 505 2615 esset
537 2553 616 2631 quod
647 2554 816 2633 Wagnerua
848 2555 885 2613 de
917 2554 1042 2632 vulgata
1074 2557 1105 2613 et
1135 2554 1308 2613 Donatiana

288 2662 394 2704 versus
415 2646 466 2719 12,
480 2646 544 2703 412
569 2644 697 2703 lectione
721 2644 892 2703 adnotavit:
915 2643 1008 2720 „illud
1032 2643 1152 2719 quidem
1172 2644 1234 2701 fere
1252 2659 1307 2718 pro

288 2736 373 2792 certo
400 2731 505 2792 haberi
531 2736 644 2810 potest,
672 2751 739 2791 cum
766 2735 831 2791 tam
857 2732 1058 2791 memorabilis
1091 2730 1308 2807 discrepantiae

288 2821 377 2882 nulla
400 2823 482 2881 facta
504 2824 545 2881 sit
567 2822 679 2881 mantio
704 2821 783 2897 apud
808 2820 957 2895 Servium,
984 2820 1061 2880 hanc
1083 2823 1182 2896 ipsam
1204 2821 1308 2878 lectio·

287 2931 359 2971 nem
384 2906 461 2986 ‘ipsa
484 2930 596 2972 manu.
613 2957 619 2969 .
636 2906 793 2969 Dictaea'
815 2929 878 2970 esse
899 2911 953 2969 illo
977 2902 1010 2991 (i.
1025 2930 1049 2969 e.
1066 2902 1184 2988 Servio)
1207 2927 1308 2968 recen·

287 2999 426 3059 tiorem“.
463 2999 515 3059 sed
537 3000 612 3058 mihi
630 3000 766 3059 Donatus
789 3000 921 3076 genuina
943 3001 1046 3074 potius
1059 2999 1190 3075 Vergilii
1208 2998 1308 3072 verba,

287 3107 349 3148 non
379 3088 416 3147 ab
445 3088 546 3164 aliquo
573 3090 736 3148 recentiore
764 3087 891 3148 conficta
916 3106 1048 3147 servasse
1072 3087 1203 3161 videtur,
1227 3087 1308 3162 quia,

287 3177 408 3236 utiam
431 3177 566 3252 Heynius
590 3177 745 3251 iudicavit,
768 3177 972 3237 Donatianam
995 3177 1154 3235 lectionem
1178 3176 1308 3235 orationi

286 3268 425 3344 poeticae
447 3266 544 3326 multo
566 3269 663 3345 magis
686 3269 844 3326 convenire
867 3269 949 3342 puto.
996 3268 1026 3324 et
1049 3266 1191 3341 quoniam
1219 3284 1308 3324 senex

285 3357 553 3431 interpretationes
582 3374 649 3415 suas
676 3356 817 3431 confecit,
845 3356 921 3415 nihil
944 3354 1045 3414 obstat
1067 3356 1140 3430 quin
1162 3357 1237 3412 natu
1260 3353 1308 3411 vel

285 3447 388 3505 maior
415 3442 520 3504 Servio
552 3444 644 3504 fuisse
677 3446 875 3504 existimetur:
913 3444 1007 3503 aetati
1036 3443 1198 3502 Servianae
1229 3445 1308 3501 certe

286 3531 503 3594 adscribendus
527 3535 580 3591 est.

355 3622 524 3682 Duodecim
556 3621 703 3681 Aeneidos
740 3622 833 3681 libros
869 3622 995 3681 totidem
1026 3622 1310 3696 interpretationum

284 3712 375 3772 libris
398 3711 635 3786 comprehendit;
667 3731 766 3770 rernm
792 3714 826 3772 nt
849 3710 885 3773 de
908 3710 1048 3793 personis
1071 3732 1199 3795 quoque
1222 3715 1257 3772 et
1275 3730 1324 3771 ie·

282 3801 338 3857 bne
357 3802 391 3854 ie
406 3797 540 3853 Aeneide
560 3802 788 3864 occurrentibus
812 3804 899 3871 filius
923 3811 1052 3890 „patrio
1074 3810 1191 3893 potius
1209 3799 1342 3869 iuuare*

1028 3933 1070 4014 Q
