3250 4350
700 429 884 485 AENEIDOS
902 429 941 484 VI
1267 429 1333 494 575

316 601 465 672 queretur.
517 617 686 674 supremam
714 598 803 674 dixit,
836 601 909 674 quia
937 601 1005 675 ipsa
1035 600 1181 659 conclusit
1209 598 1334 657 exitium

316 687 424 747 Troiae
448 689 478 746 et
496 687 613 747 Iliensis
637 689 765 764 imperii.
811 687 928 747 addidit
951 687 1047 748 aliud:
1071 707 1139 748 cum
1161 688 1333 767 gauderent,

316 775 430 852 inquit,
460 795 561 835 omnes
589 779 620 835 et
649 795 703 855 ego
732 795 800 837 cum
824 777 975 854 omnibus,
1008 796 1066 854 quo
1094 781 1227 854 tempore
1254 777 1334 836 inter

317 865 429 944 gaudia
452 865 528 924 nihil
552 869 723 941 speraretur
741 866 867 926 adversi.
908 866 1000 925 rediit
1017 866 1055 925 ad
1074 868 1174 945 signa:
1197 884 1263 925 cum
1275 869 1386 940 fer-615

284 955 386 1015 stolis
409 972 500 1028 maus
521 956 600 1013 salta
626 973 716 1029 super
743 955 842 1015 ermae
863 959 942 1016 veuit
963 956 1110 1030 Pergama
1137 960 1164 1014 et
1185 959 1333 1015 armatum

315 1043 439 1117 peditem
459 1048 562 1119 praeis
585 1043 683 1103 attulit
704 1045 786 1104 aloc:
813 1062 880 1104 ecce
902 1044 1054 1123 significat
1075 1048 1207 1121 tempus,
1229 1043 1332 1102 memi-

315 1133 398 1206 nisti,
421 1134 535 1208 inquit,
562 1134 658 1193 noctis
681 1133 777 1208 illins,
808 1135 950 1209 quoniam
979 1135 1062 1193 mala
1089 1135 1123 1192 in
1151 1134 1333 1192 oblivionem

315 1221 417 1280 venire
439 1240 500 1280 non
522 1225 660 1298 possunt,
688 1226 761 1282 tunc
789 1240 857 1281 cum
883 1241 978 1298 equus
1004 1223 1056 1282 ille
1084 1224 1224 1281 ultimum
1246 1222 1333 1282 nohis

316 1315 347 1370 et
370 1312 487 1387 patriae
509 1311 665 1370 interitum
688 1312 780 1370 ferret
803 1316 833 1371 et
855 1308 972 1372 nostras
996 1311 1153 1371 duceretur
1174 1315 1207 1370 in
1229 1314 1333 1387 portas

270 1421 301 1461 ro
317 1418 352 1458 ac
366 1399 452 1459 nohis
467 1400 544 1458 nihil
557 1400 676 1460 aduersi
689 1401 911 1477 suspicantibus
925 1403 1049 1460 inimica
1062 1401 1227 1478 gratirlatio
1247 1403 1333 1460 esset.

315 1489 371 1548 illo
402 1490 522 1548 chorum
548 1490 707 1558 ammons,
739 1491 795 1550 hoc
825 1492 872 1549 est
900 1509 1088 1550 communem
1119 1508 1150 1549 se
1179 1490 1334 1550 nobiscum

316 1578 552 1656 gratulationem
583 1578 692 1637 hahere
724 1578 908 1657 confingens,
945 1581 1080 1639 euhantis
1110 1582 1194 1655 cepio
1225 1581 1334 1638 sircam

316 1668 440 1726 decebat
465 1667 624 1742 Phrygius,
654 1670 806 1740 flammam
833 1669 932 1728 media
957 1670 1026 1743 i12sa
1052 1671 1165 1729 tenebat
1190 1671 1335 1744 ingentem

317 1761 344 1814 et
374 1773 490 1816 ammae
521 1757 647 1816 Danaos
679 1774 714 1815 ea
745 1773 812 1816 oroe
843 1758 979 1817 vocabat
1010 1757 1049 1816 ad
1080 1757 1333 1834 pulchritudinem

270 1864 301 1905 rs
316 1845 456 1904 mulieres
480 1844 627 1924 Phrygias
655 1849 685 1904 et
712 1845 818 1905 ludum
845 1845 957 1924 fingere
981 1891 1187 1905 ..........
1211 1846 1333 1906 Graecis

316 1953 332 1994 e
361 1953 476 1993 summo
506 1935 602 1993 facem
632 1953 722 2009 quam
753 1934 876 1994 tenebat
907 1929 1102 2012 †ardentem.
1157 1954 1211 1994 nec
1243 1955 1334 2011 snpra

316 2015 425 2082 nomen
449 2025 512 2082 eius
534 2026 658 2100 propter
680 2023 782 2082 odium
809 2025 937 2082 nimium
964 2023 1041 2081 dixit
1067 2043 1164 2099 neque
1190 2025 1240 2082 hic
1267 2043 1334 2082 eam

316 2114 498 2187 nominavit,
528 2115 562 2171 ut
585 2112 732 2171 Helenam
754 2113 879 2188 diceret,
907 2112 960 2172 sed
987 2113 1064 2171 dixit
1085 2113 1149 2187 illa,
1176 2112 1254 2171 dixit
1276 2111 1333 2171 La·

316 2221 435 2262 caenae.
481 2206 542 2260 tam
563 2221 609 2261 me
631 2205 790 2277 confectum
818 2205 898 2263 curis
924 2220 1080 2277 somnoque
1099 2205 1257 2277 macetum
1278 2204 1388 2262 tra-520

270 2311 302 2352 so
315 2292 389 2365 felic
419 2292 522 2350 lateii
547 2291 695 2351 thalamus
725 2294 892 2366 pressitque
919 2294 1060 2352 maenum
1091 2292 1185 2352 does
1216 2294 1244 2351 et
1272 2290 1334 2351 ulta

316 2382 398 2454 quies
415 2380 609 2453 placidaeque
631 2381 783 2439 umidiore
804 2383 906 2441 niort:
938 2399 1005 2440 cum
1032 2400 1093 2455 me,
1120 2381 1234 2456 inquit,
1263 2398 1334 2439 cura

316 2472 348 2529 et
370 2470 513 2545 fatigatio
536 2471 668 2545 corporis
690 2473 868 2546 tempusque
886 2470 1020 2529 duxisset
1040 2472 1074 2528 in
1097 2488 1241 2544 somnum,
1265 2488 1334 2546 age·

315 2558 387 2618 bam
409 2560 442 2616 in
465 2557 600 2618 cubiculo
619 2576 686 2618 meo
705 2562 735 2618 et
752 2560 857 2619 infelix
875 2559 1027 2618 thalamus
1046 2560 1168 2618 tenebat
1186 2558 1333 2618 dormien-

316 2651 386 2707 tem.
422 2647 497 2706 hene
514 2648 665 2706 infelicem
682 2647 848 2708 thalamum
868 2649 953 2722 dixit,
976 2667 1035 2723 quo
1055 2648 1135 2707 malo
1158 2649 1222 2707 fato
1240 2648 1333 2707 talem

271 2756 301 2797 se
315 2735 476 2795 induxerat
498 2755 620 2796 uxorem
642 2738 691 2796 vel
713 2738 747 2795 in
765 2756 824 2813 quo
847 2740 894 2796 tot
916 2738 1066 2813 supplicia
1083 2738 1218 2812 pertulit.
1259 2736 1333 2797 haec

316 2826 398 2885 facta
417 2827 496 2899 sunt,
519 2825 626 2902 inquit,
651 2844 717 2885 aum
736 2846 782 2884 me
803 2826 866 2886 alta
885 2827 970 2903 quies
989 2828 1136 2885 tenuisset
1158 2829 1189 2884 et
1206 2828 1334 2885 iacerem

315 2934 371 2991 pro
385 2917 511 2973 mortuo.
541 2916 662 2993 gravius
677 2914 805 2974 dormire
821 2915 1053 2993 cogitationibus
1066 2914 1178 2974 fractos
1197 2918 1228 2973 et
1246 2915 1335 2974 aesti-

389 3108 406 3154 4
424 3102 587 3171 mechatur
605 3101 649 3156 cd.
733 3106 748 3155 '1
767 3102 902 3157 oblivione
919 3101 945 3156 V
963 3119 1032 3156 corr.
1047 3102 1090 3157 ed.
1177 3107 1194 3155 8
1212 3102 1292 3157 nobie
1308 3103 1335 3155 V

316 3174 386 3226 mihi
404 3173 470 3226 edF.
562 3178 595 3226 la
618 3181 731 3227 errantes
753 3173 796 3228 ed.
889 3179 922 3226 13
941 3174 1075 3245 usqemun
1094 3172 1119 3226 V
1137 3173 1195 3228 ed:
1223 3172 1334 3243 Heyne-

316 3244 444 3313 Wagner
458 3247 507 3368 Sex
524 3243 769 3313 interpretatione)
787 3243 932 3298 Donatum
950 3246 1089 3301 ardeam
1106 3245 1201 3315 legere
1219 3244 1270 3312 ait,
1284 3245 1334 3299 sed

316 3315 455 3384 videque
494 3314 569 3368 infra
588 3315 729 3370 adnotavi.
804 3320 838 3369 15
856 3316 981 3371 mulieris
999 3316 1042 3372 ed.
1059 3319 1064 3386 Ι
1079 3317 1182 3388 frigiae
1200 3315 1226 3370 V
1243 3317 1333 3387 Phry·

315 3386 538 3511 solstiti
548 3387 622 3511 tlt
632 3386 1336 3529 istst?sustulissent

315 3530 419 3584 vocatis
438 3529 481 3582 ed.
543 3533 575 3583 16
595 3474 730 3584 addanae
748 3527 806 3583 Vc
824 3530 1015 3600 s.aeeised.l
1034 3476 1123 3597 scirem
1141 3529 1167 3584 V
1184 3531 1245 3596 foce
1262 3531 1305 3583 ed.
1327 3529 1332 3601 Ι

315 3600 424 3655 tenebat
437 3598 463 3653 V
476 3601 540 3669 apsa
553 3604 572 3654 t.
588 3600 631 3655 ed.
648 3601 653 3669 Ι
669 3601 808 3655 ardentem
822 3599 849 3654 V
862 3601 905 3655 cd.
920 3600 951 3655 in
964 3602 1114 3656 ostenderet
1128 3601 1335 3655 emendandum

315 3672 395 3741 puto,
415 3671 464 3726 sed
484 3687 595 3726 crucem
613 3686 755 3741 apponere
773 3670 870 3725 malui.
960 3677 993 3725 18
1013 3673 1122 3727 lacenae
1140 3672 1167 3724 V
1185 3689 1236 3726 -ao
1254 3671 1297 3725 ed.

315 3749 350 3796 22
366 3742 514 3813 apetamV
527 3744 649 3797 maehum
663 3743 706 3797 ed.
758 3748 792 3796 24
806 3741 895 3811 qaov
908 3760 992 3812 quma
1006 3744 1049 3798 ed.
1101 3747 1136 3797 25
1150 3740 1335 3798 induceretV

314 3814 441 3869 deesset
458 3813 501 3867 ed.
567 3818 600 3867 2‘1
620 3812 739 3869 dormire
756 3813 783 3868 V
801 3831 870 3869 -eem
888 3815 931 3869 ed.
949 3817 953 3885 Ι
975 3816 1083 3883 fractus
1100 3814 1127 3869 V
1140 3815 1183 3869 ed.
1204 3819 1256 3869 toa
1273 3828 1336 3868 nos.
