3250 4350
357 429 421 494 138
636 429 776 484 DONA'I'I
793 429 963 484 masura.
982 429 1091 485 VERE.

354 618 408 658 uec
427 598 631 672 memorabile,
646 600 673 658 si
690 601 807 658 numeri
825 599 1033 659 tantummodo
1051 598 1164 658 faceret
1180 599 1370 674 mentionem,

355 691 469 748 taceret
496 687 532 747 de
559 686 672 762 aetat03
702 707 769 747 eum
797 690 899 746 autem
925 688 981 746 hoe
1008 688 1108 764 ipsum
1135 684 1245 747 adiecit
1272 684 1370 762 dioens

356 796 443 854 pares
479 780 592 852 aetate,
632 777 696 836 illie
732 796 851 836 omnem
891 777 1025 836 familiae
1065 778 1197 854 copiam,
1237 775 1371 836 decorem

355 886 473 943 quoque
497 868 528 925 et
550 865 750 925 substantiam
768 864 993 924 demonstravit
1026 866 1059 924 in
1077 864 1208 925 evidenti
1226 869 1273 924 est
1290 867 1370 923 enim

355 956 469 1032 quanta
491 974 645 1014 servorum
666 956 788 1033 reginae
811 955 903 1014 fuerit
926 955 1097 1029 multitudo,
1115 974 1151 1014 ex
1168 972 1228 1030 qua
1250 953 1369 1013 ducenti
1392 972 1401 1012 θ

353 1063 441 1122 pares
469 1046 568 1104 aetate
596 1043 691 1122 deligi-
715 1047 878 1120 potuerunt
910 1043 995 1121 digni
1027 1045 1079 1121 qui
1110 1046 1249 1102 curarent
1281 1063 1371 1120 supra

354 1134 444 1193 diota.
489 1151 541 1192 aec
566 1151 627 1192 nou
655 1124 682 1191 ct
705 1133 789 1207 Tyrii
811 1151 869 1208 per
894 1135 998 1192 limina
1021 1134 1099 1193 lucta
1120 1132 1284 1206 frequentes
1307 1144 1371 1191 con·

353 1240 456 1284 venere
479 1224 550 1301 torre
571 1223 647 1282 θ’θεεί
669 1221 848 1282 discumbere
861 1224 965 1296 pictis:
987 1241 1054 1281 0000
1072 1222 1225 1281 diversum
1243 1221 1371 1281 discum·

353 1312 490 1371 bentium
520 1313 676 1371 meritum:
713 1311 839 1370 Troiani
870 1330 959 1387 super
991 1315 1104 1371 ostium
1136 1309 1372 1385 discumbebant,

354 1401 441 1477 Tyrii
463 1420 533 1460 vero
557 1419 646 1476 super
667 1401 763 1476 pictas
787 1403 884 1461 vestes
903 1419 938 1459 ac
955 1419 1010 1476 per
1027 1401 1083 1460 hoc
1101 1400 1253 1459 inferioris
1270 1400 1370 1476 pretii
1384 1421 1404 1462 ιο

353 1490 409 1548 hoo
433 1492 479 1549 est
501 1490 581 1565 quod
603 1491 739 1565 superins
762 1489 840 1548 dixit
859 1481 954 1570 (638)
974 1488 1155 1566 „mediisque
1173 1491 1286 1564 parant
1305 1509 1372 1550 con·

353 1580 437 1638 vivia
454 1580 543 1638 tectis
563 1581 626 1638 arte
643 1578 798 1638 laboratae
816 1580 909 1639 vestis
928 1580 1069 1655 ostroque
1087 1576 1242 1654 superbo“.
1270 1578 1371 1655 hospi·

354 1666 435 1727 tibus
464 1666 597 1727 delatum
625 1671 671 1727 est
698 1670 733 1726 ut
756 1686 846 1744 super
868 1669 983 1727 ostrum
1006 1666 1234 1742 discumberent,
1257 1667 1372 1727 civibus

353 1777 424 1816 vero
443 1759 595 1832 pictarum
613 1758 742 1816 vestium
758 1756 842 1816 loeus
861 1755 1027 1816 attributus
1046 1759 1098 1815 est
1126 1759 1276 1816 mirantur
1295 1757 1372 1816 dono

354 1844 485 1906 Aeaeae:
515 1845 595 1906 hune
622 1847 723 1906 locum
750 1845 863 1922 duplici
890 1845 1046 1905 intellectu
1072 1846 1205 1922 positum
1231 1845 1371 1905 debemus
1384 1864 1404 1907 a

354 1937 488 2012 accipere
511 1937 542 1993 et
563 1937 724 2011 utrumque
748 1935 787 1994 ad
810 1935 928 1993 Aeneae
951 1934 1073 1994 laudem
1095 1934 1304 2010 pertinentem.
1347 1937 1372 1994 si

354 2027 435 2083 enim
461 2024 680 2084 consideremus
703 2043 862 2105 personam
884 2023 1021 2098 Didonis,
1045 2026 1094 2082 cui
1116 2023 1202 2100 'lbvii
1223 2023 1371 2100 'obseque-

353 2113 465 2174 bantur
492 2116 522 2172 et
549 2115 654 2193 regina
685 2112 746 2171 fuit
777 2116 807 2171 et
838 2131 914 2170 uxor
942 2112 1060 2189 divitis,
1087 2114 1154 2190 ipsa
1181 2132 1302 2190 quoque
1331 2113 1371 2170 di-

353 2205 484 2277 tissima,
517 2204 580 2261 illic
611 2204 798 2261 inveniemus
831 2204 996 2277 specierum
1027 2203 1147 2261 laudem
1177 2204 1370 2262 cumulatam.

354 2292 542 2351 mirabantur
569 2312 639 2369 ergo
668 2311 744 2366 quae
772 2291 810 2351 ad
839 2291 1009 2351 donandum
1039 2291 1153 2368 Cupido
1171 2295 1369 2368 uperverterat,
1382 2312 1403 2351 ro

355 2401 443 2457 quem
465 2381 615 2457 putabant
636 2380 737 2439 Iulum
760 2398 832 2454 esse,
854 2380 1036 2457 perindeque
1060 2380 1259 2440 admiratione
1288 2402 1369 2442 mon·

355 2470 492 2529 strabant
518 2472 654 2547 reginam
681 2489 766 2528 suam
793 2470 864 2529 talis
893 2471 1005 2545 species
1037 2489 1201 2546 numquam
1233 2470 1370 2530 habuisse

355 2578 408 2617 nec
437 2558 516 2635 apud
545 2578 725 2634 quemquam
753 2577 784 2617 se
811 2558 930 2619 vidisse.
977 2559 1054 2617 alter
1076 2560 1248 2618 intellectus
1273 2561 1371 2619 estin

354 2667 388 2707 eo
418 2648 497 2723 quod
525 2647 638 2706 dietum
665 2651 710 2707 est
732 2650 881 2706 mirantur
904 2647 982 2707 dona
1005 2648 1134 2723 Aeneae,
1160 2649 1216 2707 hoc
1245 2652 1291 2707 est
1318 2650 1370 2707 mi·

354 2739 460 2795 rantur
481 2737 557 2795 talia
580 2736 702 2795 Aenean
726 2737 774 2795 vel
795 2736 905 2795 hebere
929 2738 976 2795 vel
1002 2737 1113 2796 donare
1140 2738 1291 2813 potuisse,
1318 2738 1370 2795 mi·
1383 2756 1403 2795 a

354 2829 460 2884 rantur
483 2827 578 2902 igitur
601 2825 800 2885 substantium
819 2829 849 2884 et
868 2828 1002 2885 animum
1020 2826 1185 2904 largientis.
1222 2828 1371 2886 mirantur

301 2920 353 2970 ‘110
364 2917 394 2973 et
421 2914 524 2973 Iulum
551 2916 762 2988 {lucrantesque
789 2916 836 2974 dei
864 2917 975 2984 cultae,
1007 2918 1112 2992 utpote
1141 2935 1208 2973 eum
1236 2917 1291 2991 qui
1318 2914 1371 2976 sub

355 3004 476 3063 mortali
508 3005 605 3063 forma
636 3003 774 3062 habuerit
809 3005 979 3063 inmortalis
1015 3007 1146 3063 numinis
1183 3004 1370 3082 dignitatem.

354 3093 410 3152 hoo
433 3112 468 3151 ex
491 3111 620 3168 persona
642 3096 748 3168 poetae
773 3092 886 3152 dictum
910 3093 1050 3153 debemus
1074 3095 1216 3169 accipere,
1240 3097 1371 3152 ceterum

354 3200 455 3241 omnes
484 3184 536 3258 qui
564 3182 689 3241 ederant
716 3181 816 3240 Iulum
843 3201 905 3242 esse
938 3181 1170 3242 arbitrabantur.
1211 3186 1406 3258 praecipuum

353 3272 465 3344 infelix,
484 3269 575 3346 [pesce
594 3271 696 3329 decora
712 3272 833 3343 futurae
852 3270 960 3344 expleri
977 3276 1100 3330 mentem
1117 3273 1217 3344 nequit
1234 3272 1371 3331 ardescit·

427 3466 440 3511 1
461 3459 665 3513 derneoeorabile
683 3458 735 3510 ΕΒ
753 3458 802 3511 edl
820 3476 869 3512 uec
887 3476 962 3512 ocem.
978 3476 991 3510 r
1010 3466 1034 3513 cl
1052 3477 1086 3512 m.
1102 3457 1168 3511 edF.
1233 3463 1248 3511 3
1268 3475 1371 3513 ornnem

354 3529 406 3583 La
424 3530 551 3584 cornibus
569 3529 612 3582 ed.
687 3535 719 3582 12
739 3531 819 3583 vestis
837 3529 859 3582 L
877 3536 974 3584 ocstrcs
992 3529 1018 3583 R
1036 3537 1118 3584 vestm
1136 3528 1180 3583 ed.
1200 3528 1236 3582 cf.
1257 3534 1318 3584 639.

355 3606 388 3653 18
407 3608 432 3655 et
450 3603 547 3671 repieta
561 3600 614 3653 LR
633 3601 705 3670 qood
719 3607 810 3671 etreq.
827 3619 847 3652 r.
908 3606 941 3653 22
961 3619 994 3665 νεΙ
1027 3618 1074 3655 um
1091 3618 1173 3654 sutem
1191 3600 1235 3654 ed.
1293 3606 1327 3655 23
1344 3617 1371 3656 ae

354 3672 406 3725 LR
424 3676 493 3726 istae
511 3671 554 3727 ed.
660 3676 772 3723 26-27
792 3673 932 3725 mirantur
949 3679 974 3725 ct
1019 3672 1044 3723 R
1062 3678 1087 3726 et
1105 3688 1158 3725 om.
1174 3671 1228 3739 ed,
1247 3672 1298 3726 sed
1316 3689 1371 3726 non

354 3742 495 3797 lemmatis
515 3759 574 3797 esse
594 3742 654 3795 vult
672 3742 741 3796 Don.
816 3748 848 3794 31
868 3745 1053 3811 pesti—139,
1069 3750 1083 3795 1
1103 3748 1226 3799 movetur
1244 3744 1324 3799 deest
1341 3742 1370 3797 in

348 3812 409 3877 LR,
431 3814 480 3868 sed
502 3813 666 3883 explicatur.
1359 3817 1362 3821 ’
