3250 4350
660 437 843 492 nummos
861 439 900 492 111
1227 439 1290 503 311

270 625 352 682 quae
374 607 406 664 in
431 607 532 681 patria
553 608 734 682 interempta
758 608 803 665 est
825 626 920 682 neque
944 607 1006 666 eius
1029 609 1186 666 interitum
1206 607 1291 668 vidit

272 695 416 754 hostilem
443 694 483 753 ad
508 696 657 754 tumulum
684 698 765 755 iussa
793 699 883 754 mori:
916 715 992 772 quae
1020 715 1080 755 non
1107 697 1145 755 ad
1173 697 1292 756 hostilis

273 784 382 842 cubilis
405 784 541 858 iniurias,
564 785 615 844 sed
639 784 677 843 ad
700 785 891 861 sepulchrum
914 786 1004 844 ducta
1027 787 1080 844 est.
1116 787 1292 863 intellegen-

275 872 346 932 dum
374 875 420 932 est
441 873 499 932 hoc
525 874 591 934 loco
620 875 704 949 quia,
732 874 787 934 etsi
812 875 909 934 occisa
933 878 990 948 est,
1015 893 1070 933 nec
1092 875 1188 949 ipsius
1211 876 1291 934 necis

248 961 390 1021 estuctns
408 962 544 1038 pervenit
560 963 601 1020 ad
618 965 778 1036 mortuum,
793 964 864 1038 quia
882 964 959 1021 nihil
977 965 1126 1023 exanimes
1145 964 1291 1023 sentiunt:

272 1051 401 1125 proinde
415 1054 454 1110 et
476 1051 532 1110 hcc
554 1051 693 1111 felicitati
717 1054 780 1111 eius
804 1052 1038 1111 adscribendum.
1077 1071 1151 1125 quae
1173 1055 1292 1112 sortitus

272 1156 334 1197 noa
350 1139 474 1213 pertulit
496 1141 585 1199 ullos:
607 1143 641 1199 ut
664 1141 695 1198 in
718 1141 896 1200 divisionem
919 1159 978 1200 non
1001 1141 1117 1200 veniret
1139 1161 1192 1217 per
1209 1141 1290 1198 iudi-

272 1228 356 1286 cium
374 1230 464 1288 sortis
481 1231 585 1288 necin
604 1230 733 1288 alienam
751 1232 932 1305 potestatem
951 1230 1077 1289 caderet.
1105 1244 1157 1289 nec
1174 1231 1291 1289 victorie

272 1319 317 1376 eri
345 1319 436 1391 tetcpit
461 1321 577 1392 captiba
605 1321 709 1379 cubile:
740 1320 936 1377 novissimam
962 1321 1064 1394 posuit
1092 1338 1151 1395 qua
1176 1338 1290 1394 preme-

236 1405 364 1464 robatur
392 1425 525 1481 causam,
554 1427 613 1483 qua
640 1427 671 1468 se
697 1408 818 1467 volebat
845 1409 980 1467 exolvere
1009 1409 1124 1466 felicem
1152 1408 1290 1467 adserens

272 1514 351 1570 quae
375 1515 436 1554 non
457 1497 564 1555 habuit
586 1497 748 1570 dominum,
767 1516 843 1572 quae
864 1499 1051 1574 ingenuitate
1071 1515 1187 1573 quoque
1206 1497 1291 1556 salva

273 1587 303 1642 et
325 1585 503 1662 virginitate
526 1585 666 1662 iugulata
689 1587 741 1644 est.
788 1587 923 1660 sequitur
946 1586 1080 1644 definitio
1106 1587 1142 1644 de
1169 1589 1290 1645 terrori·

271 1672 327 1731 bus
351 1675 520 1733 servitutis:
544 1693 597 1734 neo
620 1676 743 1734 victoris
766 1675 819 1749 eri,
836 1677 872 1732 ut
893 1676 958 1749 ipse
981 1675 1118 1734 dominns
1143 1678 1219 1734 esset
1239 1675 1290 1751 qui

270 1761 448 1821 iamdudum
471 1764 570 1822 fuerat
591 1765 743 1838 inimicus3
769 1764 874 1841 tetigit
896 1765 1017 1839 captiva
1040 1763 1145 1838 cubile,
1168 1783 1229 1823 non
1252 1765 1291 1823 ad

241 1851 444 1928 thomatem,
473 1853 525 1912 sed
551 1853 590 1910 ad
611 1853 807 1912 ludibriosam
830 1855 1056 1912 conventionem
1079 1853 1171 1910 etiam
1193 1854 1291 1913 invita

270 1941 426 2015 perducta.
472 1958 538 2001 ecce
565 1943 628 2019 egit
655 1941 774 2018 oblique
802 1959 923 2000 causam
951 1960 1036 2000 suam
1065 1941 1210 2016 qualitate
1239 1943 1289 2001 eb-

270 2031 372 2088 soluta
399 2030 533 2088 nondum
561 2033 735 2109 contingens
762 2050 797 2088 ex
820 2034 924 2106 aperto
947 2049 1105 2107 personam
1127 2032 1290 2106 propriam,

269 2118 320 2179 sed
345 2137 384 2179 ea
408 2119 561 2180 occasione
585 2139 643 2196 qna
666 2121 898 2197 prosperitatem
920 2119 1058 2179 laudavit
1080 2120 1218 2195 alienam,
1238 2120 1289 2179 ad·

269 2227 372 2267 serens
390 2226 451 2266 non
469 2210 502 2267 in
520 2210 600 2268 facto
620 2228 682 2268 esse
702 2212 822 2284 crimen,
841 2210 893 2268 sed
911 2211 944 2267 iu
962 2211 1125 2268 voluntate.
1154 2212 1290 2285 superior

236 2298 384 2374 equippe
407 2297 502 2356 hostis
525 2318 593 2357 cum
614 2299 679 2357 iure
702 2299 774 2357 belli
798 2298 936 2356 dominus
958 2299 1049 2357 fuerit
1073 2298 1206 2373 effectus,
1229 2318 1289 2358 non

267 2387 385 2446 domini
414 2389 597 2461 aequitatem
624 2389 673 2447 vel
700 2387 773 2447 iusti
801 2387 917 2447 servitii
943 2390 1052 2446 retinet
1075 2387 1209 2461 modum,
1237 2388 1289 2447 sed

266 2476 482 2535 auctoritatem
500 2478 636 2552 sequitur
654 2477 883 2552 superbiamque
901 2477 1031 2535 victoris.
1063 2477 1202 2534 conclusa
1220 2494 1288 2534 con-

264 2566 438 2641 parationis
455 2568 551 2640 parte,
570 2585 661 2641 quam
680 2566 715 2623 de
737 2566 871 2641 exemplo
894 2566 1019 2642 virginis
1042 2564 1148 2623 habuit
1171 2583 1288 2639 quaque

266 2674 298 2713 se
323 2656 481 2731 purgavit,
504 2654 583 2713 redit
606 2655 644 2713 ad
666 2673 825 2731 personam
848 2674 946 2728 suam,
968 2657 1003 2712 ut
1025 2656 1179 2729 propriam
1202 2653 1287 2711 febu-

222 2750 251 2797 ts
265 2745 330 2802 lam
353 2743 466 2801 referat
485 2745 707 2819 conparationis
727 2743 859 2803 eiusdem
877 2745 1044 2802 intentione
1062 2746 1188 2802 servata.
1225 2746 1341 2801 nerbas

259 2834 372 2906 putria
393 2834 514 2891 taenea
536 2833 653 2891 dicare
669 2851 727 2905 per
749 2849 878 2905 aequora
899 2836 996 2891 uectae
1017 2834 1118 2905 stirpis
1138 2831 1287 2891 Achilleae

264 2923 368 2994 fastus
397 2923 584 2994 iuceaeuequc
613 2922 770 2995 superbum
798 2923 914 2979 seruitio
945 2924 1026 2979 ealce
1053 2923 1187 2979 tulimus:
1223 2921 1286 2996 illa,

264 3010 384 3085 inquit,
406 3009 550 3068 incolumi
572 3012 746 3088 virginitate
771 3029 805 3069 ac
828 3010 967 3069 libertate
990 3012 1122 3069 mactata
1147 3013 1205 3083 est,
1233 3011 1288 3068 illa

265 3100 400 3157 moriens
422 3098 602 3158 incolumem
624 3100 754 3175 patriam
779 3100 916 3175 reliquit,
943 3118 997 3157 nos
1020 3100 1172 3157 incensam
1193 3102 1287 3174 atque

218 3192 251 3241 bo
265 3208 303 3247 ex
325 3206 363 3245 ea
382 3206 472 3245 causa
491 3192 705 3264 consumptam.
737 3188 820 3247 illius
838 3190 927 3247 funus
947 3190 977 3245 et
995 3190 1170 3265 sanguinem
1189 3189 1287 3246 solum

264 3279 404 3354 patrium
419 3279 517 3364 tenet,
535 3296 589 3337 nos
612 3297 665 3352 per
688 3277 819 3337 diversas
837 3277 939 3353 pelagi
957 3278 1052 3352 partis
1071 3295 1171 3335 sumus
1190 3280 1287 3335 trans-

264 3359 420 3444 portatae¹
436 3367 533 3425 multa
559 3366 721 3426 tolerantes
751 3385 826 3442 quae
854 3366 885 3423 in
913 3386 1005 3423 unum
1033 3367 1183 3423 hominem
1205 3366 1286 3423 mala

341 3534 461 3589 adacta
480 3553 507 3590 es
524 3554 545 3588 r.
608 3535 823 3589 4uecbieLR
840 3534 1008 3590 aemared.
1071 3533 1283 3604 lullusIrR.l

263 3608 405 3662 indicium
424 3605 467 3661 ed.
542 3612 574 3659 11
594 3609 698 3661 saluam
715 3606 746 3660 L.
821 3612 853 3659 12
874 3606 1019 3661 deterreris
1032 3604 1085 3657 LR
1103 3606 1136 3657 de
1153 3611 1287 3658 terrorer

263 3680 299 3733 de
322 3678 475 3733 terroribus
497 3694 548 3731 nos
575 3679 717 3732 deterioria
740 3677 797 3744 ecl,
822 3678 872 3732 sed
894 3676 1067 3745 Polyxenam
1093 3677 1123 3728 in
1151 3675 1287 3729 servituto

264 3751 357 3803 fnisse
376 3750 470 3818 negat:
533 3754 566 3802 21
585 3751 695 3803 modum
714 3748 767 3801 La
785 3750 927 3802 duvaicum-
945 3747 994 3802 adl
1012 3748 1164 3801 dominium
1183 3746 1249 3800 etl-F.

264 3828 301 3875 24
320 3821 416 3876 reddit
432 3820 457 3873 R
476 3837 545 3875 corr.
564 3839 585 3873 r.
660 3825 694 3873 30
712 3820 791 3885 faeie
808 3820 834 3872 R
849 3836 922 3873 corr.
942 3836 962 3873 r.
