3250 4350
710 431 893 486 AENEIDOS
913 431 936 484 V
1268 430 1335 494 ’493

318 602 405 673 fessis
429 604 455 659 et
477 604 590 659 iactam
607 608 758 674 superesse
775 602 957 667 mariscos
974 601 1108 658 umidus
1126 619 1198 659 wau.
1234 595 1336 659 urbem

319 694 418 758 orari,
447 690 540 748 toedet
555 758 557 761 ¹
561 691 662 762 pelopi
680 690 815 762 perferre
842 690 978 748 laborm
1028 691 1183 748 occasione
1209 688 1336 747 nocendi

319 778 465 837 iuvabant
484 779 597 836 omnia:
620 777 750 853 primum
768 779 899 837 solitudo
918 779 986 851 loci,
1004 780 1122 853 tempus
1142 796 1260 853 quoque
1276 795 1335 852 quo

321 867 446 926 aberant
467 867 535 940 riri,
557 885 684 943 persona
707 867 798 926 etiam
821 867 980 926 mulierum
1004 866 1112 942 quibus
1130 866 1219 926 facilc
1235 867 1337 941 potuit

293 978 304 1016 s
320 956 493 1032 persuaderi
517 974 702 1032 quarumque
725 957 881 1033 ingenium
899 956 1014 1015 levain
1032 974 1250 1030 quamcumque
1267 974 1336 1030 par

320 1049 382 1103 tem
405 1045 474 1103 duci
496 1045 615 1104 facilius
638 1049 752 1120 posset,
776 1045 914 1120 quodque
937 1045 998 1103 iam
1025 1046 1150 1103 emotae
1172 1043 1283 1102 laboris
1306 1045 1337 1102 et

321 1135 422 1211 pelagi
446 1134 514 1192 odio
538 1153 573 1192 ac
596 1134 754 1193 formidine
783 1132 1008 1209 premebantur,
1036 1133 1177 1209 denique,
1204 1150 1271 1191 cum
1298 1131 1336 1191 ob

322 1223 414 1281 aliam
433 1241 553 1282 causam
572 1223 710 1281 lacrimas
729 1223 896 1295 funderent,
911 1222 1044 1281 dolentes
1062 1223 1192 1282 ahenam
1210 1223 1337 1281 mortem

322 1312 358 1370 de
391 1331 444 1371 suo
477 1331 595 1387 quoque
628 1313 719 1370 exitio
749 1313 906 1371 universae
939 1310 1113 1389 cogitabant
1143 1312 1336 1386 respicientes

279 1423 306 1462 10
322 1401 514 1459 altitudinem
535 1401 636 1478 pelagi
659 1403 690 1459 et
712 1402 864 1460 inmensae
887 1401 1089 1478 navigationis
1110 1400 1217 1459 futura
1235 1399 1337 1458 discri-

322 1491 404 1547 mina
427 1490 509 1548 ultra
533 1509 623 1564 quam
651 1507 713 1549 esse
742 1492 865 1564 possent
891 1485 1107 1548 inmoderatius
1135 1491 1336 1548 aestimantes.

322 1598 382 1637 non
406 1580 485 1636 enim
507 1578 581 1637 haec
598 1579 682 1637 inani
701 1581 872 1638 coniectura
889 1577 1072 1651 metuebant,
1095 1578 1338 1653 quae'malorum

323 1666 563 1744 praecedentium
581 1667 753 1745 magisterio
773 1666 939 1726 didicerant
954 1667 1026 1742 quid
1044 1667 1118 1725 mali
1137 1669 1215 1726 esset
1232 1667 1337 1726 relicta

323 1758 483 1815 securitate
505 1758 603 1815 terrae
626 1756 669 1815 ire
692 1756 848 1832 inprovide
867 1757 900 1814 in
918 1757 1097 1817 elementum
1116 1756 1195 1832 quod
1212 1755 1337 1814 infidum

279 1868 307 1906 rs
321 1845 445 1918 homini,
469 1844 548 1920 quod
566 1844 727 1920 multiplici
746 1845 952 1903 discriminum
969 1845 1048 1917 mole
1072 1845 1256 1903 cumulatum
1275 1862 1337 1903 esse

322 1936 473 1992 constaret
492 1933 628 2009 quodque
648 1933 856 1993 detestandum
874 1952 910 1992 ac
928 1952 987 1991 non
1005 1933 1145 1992 inmerito
1164 1933 1338 2011 fugiendum

324 2024 385 2082 suis
408 2024 508 2098 potius
533 2022 631 2080 exitiis
655 2041 744 2097 quam
759 2022 901 2098 exemplis
919 2021 1087 2081 didicerant
1110 2022 1224 2081 alienis.
1261 2024 1338 2080 trao-

324 2115 407 2170 tatus
431 2111 524 2190 igitur
546 2113 604 2169 iste
626 2111 785 2169 mulierum
809 2112 952 2187 quoniam
974 2129 1067 2187 usque
1095 2129 1130 2169 eo
1154 2112 1339 2187 processerat

322 2201 382 2260 fixa
405 2200 518 2260 scilicet
541 2203 572 2259 et
595 2200 717 2259 definita
744 2202 905 2275 sententia,
933 2204 968 2260 ut
994 2202 1182 2259 remanerent
1211 2202 1243 2258 in
1272 2201 1338 2259 loco

280 2313 307 2351 ao
324 2293 413 2365 atque
435 2290 484 2347 hic
506 2289 679 2348 incolendae
702 2289 785 2348 urbis
802 2289 918 2348 fabrica
936 2291 1108 2365 proveniret
1127 2281 1209 2370 (odio
1229 2289 1338 2364 quippe

323 2380 371 2437 his
395 2380 494 2436 fuerat
516 2379 680 2455 navigandi
697 2379 907 2438 tantummodo
927 2397 998 2437 cura
1015 2381 1160 2455 perpetua
1178 2396 1232 2436 nec
1250 2376 1338 2436 finem

323 2459 523 2547 inveniendi),
546 2485 612 2526 ecce
635 2469 749 2542 quanta
772 2468 960 2543 oportunitas
984 2469 1113 2527 occurrit
1135 2468 1249 2528 volenti
1272 2484 1339 2525 era-

324 2557 392 2615 dere
421 2556 572 2614 eontraria
598 2559 640 2614 ut
661 2557 852 2632 profuturum
879 2559 1037 2632 putaretur
1067 2556 1147 2632 quod
1177 2574 1239 2615 esse
1272 2574 1339 2615 con·

324 2644 424 2703 stabat
447 2646 617 2702 inimicum:
642 2638 702 2703 iam
716 2645 857 2704 volebant
877 2645 955 2721 quod
978 2664 1033 2721 pro
1047 2645 1202 2703 voluntate
1216 2644 1339 2704 Iunonis

282 2756 308 2796 rs
324 2734 424 2792 fuerat
449 2734 656 2792 necessarium.
707 2751 772 2809 erpo
799 2737 876 2794 iuter
904 2735 1017 2793 medius
1039 2751 1099 2793 sese
1129 2734 1202 2793 lact
1232 2736 1341 2808 ipaarc

323 2822 446 2880 accendi
474 2824 591 2881 cecicit:
618 2824 696 2881 inter
723 2822 836 2881 medias
864 2841 927 2882 sese
950 2822 1073 2898 conicit,
1101 2826 1137 2882 ut
1162 2821 1254 2882 verba
1277 2823 1340 2881 eius

325 2911 415 2970 simul
450 2910 645 2969 circumfusae
682 2929 782 2970 omnes
816 2912 918 2970 audire
956 2913 1137 2988 potuissent3
1180 2912 1232 2986 qui
1262 2912 1341 2970 enim

324 3000 462 3075 plurimis
490 2999 658 3059 hominibus
685 3000 839 3059 locuturus
868 3003 913 3060 est
940 3000 1054 3060 medius
1083 3018 1145 3060 esse
1177 3000 1276 3073 debet,
1306 3002 1342 3058 ut

399 3174 467 3221 1-2
487 3169 575 3222 orbem
594 3175 655 3223 crat
673 3168 733 3222 LR.
787 3206 789 3211 -
837 3171 1009 3224 accersione
1027 3170 1079 3222 th
1097 3169 1287 3224 munredF.

325 3249 341 3292 3
361 3241 440 3294 solito
455 3238 507 3291 LR
521 3240 599 3294 -tudo
612 3257 627 3291 r
640 3240 684 3293 ed.
748 3246 765 3293 4
783 3241 915 3294 aberrant
928 3240 980 3293 LR
998 3258 1091 3295 corr.r
1105 3241 1148 3293 ed.
1182 3239 1186 3245 “
1212 3246 1227 3292 6
1247 3257 1341 3307 qucrn-

323 3310 417 3379 qaeL
440 3327 605 3378 quamquam
623 3310 649 3363 a
671 3327 806 3379 quamque
829 3311 887 3364 ch
911 3312 1034 3381 quodque
1058 3329 1116 3366 nos.
1197 3315 1229 3363 14
1248 3312 1341 3379 inpro-

323 3382 388 3436 vide
411 3383 442 3434 ia
464 3382 621 3435 elereentum
643 3382 669 3434 R
695 3383 768 3451 iapr.
791 3382 979 3435 inclementem
1003 3382 1024 3435 L
1046 3400 1098 3451 per
1120 3398 1222 3450 aequm
1244 3382 1287 3436 ed.

327 3458 360 3506 15
380 3454 450 3506 orale
468 3451 520 3504 LR
538 3453 606 3505 mole
624 3452 667 3506 ed.
742 3457 774 3506 17
794 3458 931 3507 tractatur
949 3453 992 3506 ed.
1065 3458 1097 3506 18
1116 3470 1170 3521 quo
1188 3469 1273 3522 euque
1291 3452 1343 3505 LR

324 3525 458 3593 quoniam
476 3539 561 3591 esque
579 3540 609 3576 eo
627 3540 686 3591 nos,
705 3525 810 3577 temere
828 3523 922 3577 locum
940 3525 1009 3577 mut
1025 3524 1068 3578 ed
1116 3471 1169 3577 ew
1187 3524 1217 3577 ti
1230 3524 1341 3578 uuico-

324 3542 747 3649 praeclarissimam.
771 3595 1213 3651 tuemoleadaerlricrmos.
1243 3597 1248 3663 Ι
1278 3610 1342 3662 pro

325 3666 450 3720 verirent
469 3664 511 3718 ed.
581 3670 613 3718 21
633 3682 682 3720 aee
701 3681 753 3719 om.
770 3666 812 3718 ed.
877 3671 911 3720 22
930 3667 1046 3721 volema
1064 3665 1159 3719 Lis-t
1148 3666 1239 3719 linos
1259 3666 1344 3719 -mas

326 3736 372 3791 cd
464 3741 499 3789 24
521 3736 578 3790 iam
603 3735 690 3789 LR
678 3754 697 3790 r.
716 3738 789 3790 enim
812 3736 878 3790 edl'.
970 3743 1003 3790 26
1026 3737 1180 3792 conuicia
1203 3736 1269 3789 leun

326 3805 512 3873 interpr.th
529 3808 644 3861 coniecit
662 3807 692 3860 in
710 3806 827 3876 interpr.
842 3808 885 3860 ed.
