3250 4350
306 395 410 451 XXXII
709 396 916 453 PRAEFATIO

307 564 473 642 scripserit,
496 566 548 626 sed
570 567 663 645 signis
686 567 717 626 in
741 568 875 626 ordinem
898 570 1085 641 revocatum,
1107 567 1238 627 Urbinas
1262 587 1323 627 uno

306 658 409 714 tenore
445 655 629 732 ineptissime
665 657 786 733 scripsit
821 658 980 731 „aetsmas
1020 655 1185 734 perpingue
1226 657 1324 716 solum

307 774 352 784 —
370 775 415 785 -
433 777 475 786 —
495 745 581 804 sertis
604 746 809 822 pecudumque
834 744 994 805 cruorem“.
1033 765 1093 826 non
1111 747 1212 805 minus
1231 764 1323 823 grave

308 835 353 890 est
380 834 459 909 q'uod
483 835 512 907 4,
529 835 607 910 335,
634 835 686 894 ubi
712 834 745 892 in
767 835 971 895 Laurentiano
994 833 1096 909 „finit“
1123 834 1202 894 inter
1228 835 1324 895 lineas

307 920 407 997 inepte
430 924 576 982 insertum
599 941 661 984 esse
683 925 716 982 in
739 927 889 1000 apparatu
911 925 1023 998 notavi,
1050 925 1122 998 quia
1145 942 1236 999 supra
1258 942 1324 982 ver-

308 1009 377 1068 bum
401 1009 523 1090 ,pegit“,
542 1012 622 1089 quod
643 1013 769 1073 inferius
792 1015 937 1088 sequitur,
956 1014 1101 1088 scriptum
1120 1015 1174 1087 cst,
1193 1012 1324 1072 Urbinas

307 1099 363 1159 hoc
394 1105 558 1161 correctum
590 1104 675 1161 ratus
705 1100 806 1179 „finit“
839 1121 894 1178 pro
926 1100 1040 1178 „regit“
1072 1103 1183 1178 posuit.
1228 1102 1324 1161 nihilo

307 1190 409 1249 samen
431 1192 523 1249 setius
547 1192 578 1250 et
595 1190 773 1250 Urbinatem
795 1195 826 1250 11
847 1191 989 1266 reliquos,
1009 1209 1193 1267 quamquam
1211 1209 1230 1248 a
1245 1189 1323 1249 Lau·

307 1280 444 1339 rentiano
482 1282 512 1339 et
547 1279 695 1340 Vaticano
733 1281 879 1358 originem
914 1279 1058 1357 habeant,
1095 1299 1131 1339 ex
1166 1280 1214 1339 his
1249 1281 1324 1355 ipsis

307 1369 504 1444 transcriptos
532 1387 594 1428 esse
622 1387 707 1446 nego.
753 1371 824 1428 sunt
851 1370 931 1428 enim
958 1370 1016 1429 loci
1045 1369 1154 1445 quibus
1182 1365 1278 1428 HOU
1306 1387 1325 1428 a

307 1456 434 1516 lectione
458 1476 534 1532 quae
557 1457 589 1516 in
611 1457 636 1517 L
659 1459 708 1517 vel
730 1458 758 1514 V
781 1460 864 1518 extat
886 1461 932 1517 ita
954 1457 1116 1532 discedant,
1134 1461 1170 1516 ut
1190 1459 1272 1517 inter
1294 1477 1324 1518 se

308 1546 428 1605 etcum
452 1547 583 1606 editione
604 1549 625 1605 i.
644 1566 668 1605 e.
693 1564 758 1605 cum
782 1546 860 1606 libro
882 1565 973 1606 manu
999 1547 1110 1623 scripto
1138 1546 1216 1606 unde
1242 1546 1324 1606 facta

309 1635 354 1692 ast
381 1637 577 1694 consentiant.
624 1636 759 1711 exempla
786 1656 821 1695 ex
848 1637 986 1712 plurimis
1014 1636 1131 1712 aliquot
1159 1653 1227 1694 cum
1250 1635 1325 1695 alibi

308 1726 420 1799 passim
447 1727 513 1783 tum
540 1725 571 1783 in
599 1725 725 1801 septimo
753 1725 785 1784 in
815 1728 995 1801 apparatum
1025 1727 1137 1800 recepi,
1169 1723 1218 1784 bic
1250 1725 1324 1784 satis

308 1812 402 1872 habeo
421 1813 494 1872 haec
513 1813 691 1874 adscribere:
715 1817 745 1889 4,
761 1816 811 1874 68.
832 1815 861 1889 5,
878 1816 949 1874 234.
971 1816 1043 1873 394.
1069 1815 1098 1888 6,
1114 1813 1186 1873 182.
1208 1816 1236 1888 7,
1250 1815 1324 1873 221.

310 1902 383 1961 301.
408 1903 481 1962 332.
507 1903 580 1961 351.
606 1905 678 1962 594.
704 1905 776 1962 744.
807 1907 835 1978 9,
851 1905 924 1963 818.
950 1906 1001 1976 10,
1017 1904 1067 1961 96.
1113 1904 1325 1980 gravissimum

309 1994 408 2050 autem
432 1992 477 2050 est
499 1992 580 2066 quod
602 1993 742 2051 lacunam
757 1993 898 2052 Vaticani
913 1993 1016 2067 6,168
1036 1989 1132 2050 HOU
1146 1991 1189 2050 ed.
1209 2009 1325 2050 summo

309 2098 453 2139 consensu
481 2082 674 2156 expleverunt
701 2082 799 2140 verbis
828 2100 876 2155 „se
905 2081 1021 2140 addidit
1047 2079 1193 2140 Aeneae“.
1239 2101 1325 2139 num-

309 2189 400 2245 quam
423 2171 502 2229 enim
525 2170 600 2229 mihi
622 2171 850 2247 persuadebitur
874 2175 1017 2247 quattuor
1035 2170 1167 2230 diversos
1185 2168 1325 2229 librarios

309 2276 380 2317 casu
402 2258 433 2316 in
457 2260 574 2319 easdem
598 2264 651 2319 aut
672 2261 794 2320 mendas
818 2265 873 2319 aut
896 2261 1116 2319 emendationes
1142 2260 1245 2318 venire
1273 2278 1325 2335 po-

308 2349 409 2407 tuisse.
456 2350 592 2425 sequitur
619 2368 689 2426 ergo
716 2352 751 2408 ut
779 2349 818 2409 ad
841 2368 995 2409 commune
1018 2349 1170 2425 exemplar
1191 2367 1326 2407 recurra-

308 2455 385 2509 muS,
408 2440 507 2496 ortum
529 2438 605 2497 illud
628 2438 749 2513 quidem
772 2459 807 2498 ex
830 2437 1032 2498 Laurentiano
1051 2440 1082 2496 et
1094 2437 1251 2511 Vaticano,
1274 2438 1326 2496 sed

310 2528 359 2584 cui
381 2526 439 2586 loci
461 2527 494 2584 in
513 2525 607 2586 HOU
626 2528 669 2586 ed.
694 2528 731 2587 ab
754 2528 779 2586 L
802 2530 833 2587 11
852 2527 879 2583 V
902 2528 1100 2586 communiter
1121 2527 1325 2603 discrepantes

308 2618 425 2690 possint
453 2616 586 2676 attribui.
633 2636 667 2676 eo
690 2619 723 2674 in
746 2617 908 2692 exemplari
930 2618 1006 2675 mira
1030 2635 1147 2692 quoque
1170 2616 1225 2674 illa
1248 2634 1326 2691 quae

310 2722 401 2779 supra
423 2724 458 2763 ex
480 2705 509 2764 U
532 2708 652 2766 enotavi
674 2706 719 2764 111
742 2708 855 2781 scripta
877 2706 969 2764 fuisse
992 2705 1148 2779 concedas,
1176 2708 1211 2763 ut
1238 2706 1326 2781 signa

309 2793 499 2855 correctionis
537 2796 675 2871 apposita
711 2793 739 2852 U
775 2794 959 2871 neglegeret,
996 2795 1188 2854 observarent
1225 2794 1325 2853 ceteri.

311 2881 417 2956 quodsi
446 2902 632 2942 communem
658 2875 745 2941 illum
773 2884 917 2957 codicem,
946 2902 1035 2958 quem
1057 2883 1159 2941 littera
1181 2883 1209 2940 X
1233 2884 1326 2959 signi-

309 2970 379 3044 fico,
407 2971 662 3031 emendationibus
695 2974 871 3034 coniecturis
905 2970 1147 3031 adnotationibus
1177 2970 1327 3046 repletum

310 3059 400 3119 fuisse
428 3063 634 3136 statuerimus,
663 3062 782 3137 qualem
805 3062 1001 3141 Regimensem
1030 3061 1121 3119 etiam
1144 3078 1223 3119 nunc
1245 3059 1326 3119 vide·

309 3168 384 3223 mus,
407 3151 438 3208 id
462 3170 580 3227 quoque
603 3152 691 3211 facile
715 3150 922 3226 explicabitur,
945 3150 1025 3225 quod
1044 3148 1139 3208 HOU
1157 3150 1189 3206 et
1206 3150 1326 3222 „arche-

309 3236 419 3313 typue“
443 3239 581 3300 editionis
609 3259 751 3318 persaepe
779 3258 848 3299 cum
875 3240 1061 3317 primigeniis
1088 3237 1174 3297 libris
1196 3236 1221 3295 L
1246 3240 1276 3296 et
1299 3237 1327 3293 V

309 3345 370 3387 non
397 3346 497 3387 omnes
526 3332 579 3388 aut
607 3330 797 3389 consentiunt
825 3332 878 3387 aut
906 3328 1098 3401 dissentiunt,
1127 3326 1179 3385 sad
1204 3328 1326 3403 partim.

310 3435 346 3475 11
372 3417 430 3475 1111
458 3419 536 3476 enim
560 3418 721 3494 exemplari
744 3418 874 3491 librarii,
899 3420 1109 3493 praeterquam
1132 3416 1213 3491 quod
1235 3417 1326 3475 corri-

311 3505 399 3581 gendi
426 3506 596 3567 libertatem
624 3507 683 3567 sibi
710 3525 828 3582 quoque
856 3509 1092 3581 assumpserrmt,
1117 3504 1197 3579 quod
1219 3507 1327 3582 cuique

310 3594 442 3668 placeret
464 3597 594 3672 recipere
616 3598 779 3672 potuerunt
803 3597 839 3654 cf.
860 3597 932 3669 4,1.
962 3596 991 3669 5,
1008 3596 1080 3653 201.
1111 3596 1138 3668 7,
1154 3596 1228 3651 211.
1253 3596 1326 3653 563.

312 3683 340 3755 8,
362 3686 411 3743 79.
442 3687 492 3759 10,
512 3687 563 3744 62.
609 3704 680 3744 nam
703 3686 861 3760 quominus
885 3704 977 3741 unum
1000 3702 1036 3741 ex
1057 3682 1119 3743 illis
1143 3684 1248 3741 ceteris
1271 3703 1326 3759 pro

290 3770 459 3844 1111111φο
484 3775 582 3835 fuisse
609 3777 801 3854 suspicemur
830 3775 931 3836 multa
957 3775 989 3833 et
1010 3792 1124 3851 magna
1142 3773 1180 3830 'm
1196 3790 1330 3845 unoquo-
