3250 4350
640 453 641 457 =
660 418 842 473 AENEIDOS
861 419 887 472 11
1218 417 1283 482 237

266 590 360 648 cium:
389 587 496 648 videbo
520 587 567 646 his
589 590 622 645 in
646 587 789 646 cubiculis
812 592 973 665 vagantem
994 588 1112 646 hostem
1133 589 1285 646 intentum

265 677 393 751 nostris,
429 677 536 737 videbo
574 675 658 736 caedi
689 678 815 754 pignera
846 695 914 735 mea
946 680 976 736 et
1007 677 1119 735 effimdi
1150 678 1286 736 omnium

266 767 444 845 sanguinem
471 767 561 825 simul
589 766 737 840 simulque
763 767 883 826 misceri
914 766 1096 841 confusaque
1127 766 1160 824 in
1191 785 1286 824 unum

267 875 396 932 corpora
422 857 586 929 funeraque
613 857 771 931 prosterni.
817 855 936 930 perdidi
961 857 994 913 in
1017 855 1150 915 adversis
1173 854 1285 932 grande

239 944 456 1006 mammosam
478 944 581 1003 miser:
603 945 690 1020 potui
713 946 828 1004 nescire
852 943 931 1020 quod
948 945 1049 1002 timeo.
1087 943 1167 1020 quod
1185 943 1286 1020 posuit

267 1054 402 1107 cernam,
429 1033 470 1093 ad
496 1035 596 1093 omnia
623 1035 755 1108 pertinet
782 1052 818 1092 ao
844 1052 899 1108 per
925 1033 981 1093 hoc
1008 1052 1068 1092 non
1095 1034 1187 1092 semel
1210 1031 1286 1092 acci·

267 1123 410 1200 piendum
434 1125 480 1182 est
502 1124 559 1182 hoc
581 1122 683 1181 modo:
705 1125 742 1181 ut
763 1122 870 1182 mediis
892 1122 1009 1183 hostem
1031 1125 1065 1180 in
1082 1122 1286 1198 penetralibus

268 1232 389 1272 cernam
407 1215 499 1287 utque
517 1211 681 1271 Ascanium
704 1231 824 1271 cernam
845 1215 1022 1288 patremque
1044 1231 1143 1270 meum
1166 1229 1287 1270 cernam

267 1305 414 1377 iuxtaque
442 1299 585 1360 Creusam
612 1319 744 1374 cernam,
776 1303 923 1362 mactatos
952 1320 1072 1361 cernam
1100 1301 1227 1359 alterum
1253 1301 1287 1357 in

226 1392 394 1451 walterius
422 1391 575 1468 sanguine.
622 1389 705 1448 aliud
733 1390 841 1448 dehinc
868 1409 960 1468 genus
987 1392 1111 1450 terroris
1139 1389 1286 1465 adiungit,

267 1500 309 1538 ne
333 1479 401 1538 fieri
427 1481 522 1555 possit
549 1482 586 1537 ut
613 1497 699 1538 suam
722 1481 810 1554 pater
832 1483 963 1538 mutaret
985 1479 1147 1555 aliquando
1171 1480 1286 1538 senten·

268 1572 358 1628 tiam:
394 1586 495 1636 arma,
525 1569 597 1637 airc',
629 1569 701 1640 fata
733 1586 834 1636 arma,
865 1573 949 1628 cocat
979 1571 1031 1628 bra
1057 1570 1163 1628 altimo
1190 1570 1286 1627 ciclos.

268 1659 381 1718 reddite
398 1676 444 1716 me
461 1658 590 1725 Danais,
608 1658 695 1716 smila
712 1659 882 1716 iastaarata
899 1659 1026 1717 recisam
1039 1658 1165 1732 praetia
1193 1675 1278 1716 aaar-
1288 1659 1341 1708 670

270 1766 360 1822 auam
382 1763 481 1805 comes
502 1747 587 1805 hodic
610 1747 768 1805 orariamar
789 1749 887 1816 malti,
909 1750 952 1821 ut,
971 1764 1040 1804 cnm
1058 1746 1174 1806 videret
1190 1745 1287 1804 filium

230 1860 256 1898 ra
269 1841 302 1895 in
324 1836 460 1913 pericula
481 1835 657 1909 reditumm,
680 1835 910 1911 amplecteretur
931 1834 1090 1895 consilium
1107 1836 1205 1912 fugae.
1243 1836 1289 1894 ait

270 1945 341 2002 ergo
370 1926 445 1983 ferte
473 1943 557 1983 arma
584 1924 640 1983 hoc
669 1928 715 1984 est
736 1925 837 1984 venite
859 1943 976 1984 mecum
999 1925 1089 1983 armis
1113 1924 1220 1984 vestris
1242 1925 1288 1981 in·

270 2016 387 2074 structi
434 2017 521 2076 vocat
548 2015 605 2072 ’lux
637 2014 744 2072 ultima
777 2016 886 2074 victos:
921 2015 983 2072 iam
1014 2032 1068 2072 nos
1099 2016 1188 2072 vocat
1219 2013 1288 2073 finis

268 2105 397 2162 ultimus
428 2105 523 2177 vitae,
554 2106 590 2161 ut
621 2112 682 2161 non
713 2104 879 2182 pugnaturi
904 2121 1040 2180 pergere,
1070 2103 1121 2162 sed
1148 2102 1289 2162 morituri

269 2194 451 2253 viderentur.
498 2194 542 2253 ait
565 2212 635 2271 ergo
659 2193 698 2251 ad
720 2195 838 2252 tantam
858 2194 1066 2253 necessitatem
1083 2194 1218 2272 cogimur
1236 2192 1287 2251 ad-

228 2304 257 2342 uc
270 2285 409 2342 versante
437 2283 572 2357 fortuna,
605 2281 690 2358 quasi
716 2281 874 2341 redeuntes
901 2284 934 2339 in
961 2282 1041 2340 bella
1072 2282 1146 2341 victi
1172 2283 1288 2340 hostem

270 2374 420 2448 possimus
448 2390 587 2447 superare
614 2372 766 2430 victorem.
819 2371 935 2430 reddite
964 2391 1012 2431 me
1038 2371 1166 2445 Danais,
1199 2372 1288 2431 sinite

271 2462 442 2521 instaurata
463 2461 593 2519 revisam
611 2460 742 2536 proelia:
766 2462 864 2537 cupio,
886 2461 995 2536 inquit,
1018 2479 1066 2519 me
1084 2462 1288 2535 representare

271 2551 437 2610 certamini.
487 2551 589 2624 posset
602 2588 605 2594 ·
620 2549 680 2607 dici
710 2548 750 2607 ad
782 2569 873 2625 quam
904 2548 1008 2626 spem?
1039 2549 1193 2624 respondit
1223 2550 1288 2623 ipse

270 2658 438 2715 numquam
460 2656 562 2697 omnes
584 2636 671 2697 hodie
695 2638 864 2697 moriemur
879 2639 983 2698 inulti:
1006 2657 1075 2713 non,
1094 2638 1146 2711 ait,
1167 2639 1202 2695 ut
1223 2638 1288 2695 vin-

234 2748 258 2789 a
272 2748 353 2802 cam,
377 2728 433 2786 sed
459 2747 497 2785 ne
519 2745 623 2786 *omnes
646 2727 738 2785 inulti
760 2746 917 2803 pereamus
939 2729 996 2787 hoc
1019 2730 1066 2786 est
1087 2746 1148 2785 nan
1169 2729 1289 2787 tantum

270 2821 336 2894 ipse
357 2817 411 2891 qui
428 2816 540 2875 bellum
557 2816 744 2891 repetiturus
758 2817 860 2876 fuerat
878 2816 1092 2875 verumetiam
1114 2817 1289 2890 remansuri,

271 2907 429 2979 Ascanius,
453 2904 597 2964 Anchises
620 2906 651 2963 et
675 2902 793 2965 Creusa.
820 2914 822 2917 ⁴

339 2995 421 3053 Hinc
448 2994 535 3072 farra
572 2995 707 3068 accingor
742 3012 848 3053 mersas
884 2996 1030 3069 clipeoque
1060 2996 1213 3054 sinistram
1243 2995 1288 3053 ia·

271 3086 419 3145 certabam
447 3086 553 3155 aptam
579 3100 680 3155 maaca
706 3088 788 3143 catra
815 3088 888 3143 tecta
914 3086 1056 3156 ferebam:
1084 3104 1151 3143 cum
1177 3104 1215 3143 ne
1242 3083 1289 3143 his

234 3192 258 3233 sc
272 3174 393 3249 quidem
417 3172 505 3230 dictis
528 3174 706 3249 moveretur,
729 3174 838 3247 inquit,
862 3174 979 3231 animus
1002 3175 1107 3249 patris,
1135 3192 1289 3250 coeperam

346 3383 415 3431 1-2
438 3378 510 3432 bisce
533 3378 565 3431 aa
587 3378 674 3432 ccctis
696 3384 826 3448 maantam
847 3379 948 3433 bostem
966 3380 1100 3433 intestam
1118 3380 1220 3433 eastris
1237 3378 1290 3431 LR

272 3451 447 3505 bacarensem
464 3467 479 3502 r
501 3454 645 3518 uagantem
662 3449 694 3501 in
710 3464 800 3519 marg.
819 3448 845 3503 r'
865 3456 974 3518 patrem
992 3468 1080 3504 meam
1090 3452 1130 3504 “im
1147 3457 1290 3518 cmsepceta

272 3537 331 3577 maa
353 3521 442 3576 accidi
464 3518 614 3573 substituit
636 3519 705 3574 ed.:.
722 3520 869 3574 emendavi
891 3522 923 3575 m
941 3523 1130 3590 penetralibus
1153 3518 1290 3589 explicari

271 3594 361 3648 ratus.
456 3590 651 3659 aposolus.
675 3640 676 3643 ,
748 3596 782 3645 10
800 3594 936 3662 sanguine
955 3592 1006 3645 ΕΒ
1024 3610 1045 3647 s.
1064 3609 1173 3646 aemam
1191 3591 1235 3645 ed.

274 3670 306 3717 11
323 3669 416 3733 pascet
433 3663 480 3716 eci.¹
533 3667 566 3715 15
584 3663 757 3717 redditurum
770 3662 831 3716 LR.
887 3669 921 3717 16
939 3681 1001 3735 ergo
1015 3664 1123 3720 amaad.
1180 3668 1213 3717 18
1231 3664 1290 3717 atta

272 3736 308 3789 a·
321 3751 391 3789 carr.
410 3751 432 3787 r.
529 3738 563 3787 22
578 3735 769 3788 instauratam
791 3734 822 3788 L.
880 3778 893 3788 ..
930 3740 964 3788 25
984 3736 1036 3789 boa
1058 3738 1097 3806 ast
1112 3735 1172 3788 om.
1191 3734 1242 3788 ed„-

272 3804 307 3859 27
331 3805 463 3861 ascanius
485 3804 608 3859 aaebices
626 3803 678 3857 LR
701 3805 817 3860 invertit
840 3805 884 3859 ed.
974 3807 1091 3860 esame
1109 3806 1160 3859 LR
1183 3807 1227 3861 bia
1245 3807 1290 3860 ert
