3250 4350
686 443 892 500 PRAEFATIO
1087 441 1089 449 '
1220 444 1299 500 XVII

274 613 363 672 libris
392 609 445 695 (cf.
471 614 588 687 1,147.
619 614 691 671 159.
722 615 794 672 180.
824 614 941 687 2,176.
972 615 1044 672 608.
1074 615 1191 688 3,104.
1218 607 1296 696 194)

275 704 417 762 Donatus
435 703 542 776 tenuit,
561 705 596 761 ut
617 721 761 781 magnum
784 720 872 778 saepe
895 720 1035 761 versuum
1057 722 1214 762 numerum
1236 722 1297 763 uno

276 793 421 851 lemmate
445 792 720 867 comprehenderet,
747 790 924 867 procedente
947 792 1193 867 interpretatione
1217 810 1297 851 coer·

279 883 356 955 cuit3
386 882 463 940 item
486 899 504 938 a
526 881 634 940 latiore
653 899 730 956 quae
752 881 784 938 in
807 879 912 955 primis
935 879 1021 938 libris
1048 880 1177 940 occurrit
1205 881 1297 957 expli-

279 970 397 1029 catione
414 970 564 1046 paulatim
581 969 715 1042 recessit3
734 987 836 1029 rursus
850 968 1065 1044 parsimoniam
1079 988 1139 1045 qua
1152 969 1183 1027 in
1197 969 1297 1046 priore

278 1061 365 1134 parte
394 1077 444 1118 eos
471 1059 552 1117 locos
581 1058 632 1133 qui
661 1058 755 1133 „nihil
782 1058 895 1116 habent
917 1057 997 1132 quod
1020 1057 1179 1117 artificiose
1202 1060 1298 1134 possit

278 1145 407 1224 exponi“
430 1143 474 1222 (7,
490 1142 568 1223 646)
593 1147 682 1206 modo
701 1148 821 1206 silentio
840 1148 1044 1222 praetermisit
1061 1146 1148 1206 modo
1168 1147 1298 1206 strictim

278 1236 385 1315 attigit
412 1233 457 1315 (1,
473 1237 523 1295 35.
548 1236 689 1318 52-63.
714 1236 854 1294 86-87.
881 1237 1065 1295 109-110.
1090 1237 1162 1294 112.
1188 1237 1295 1294 124-

279 1327 355 1384 127.
382 1326 566 1383 144-147.
592 1326 664 1383 202.
691 1325 877 1384 289-290.
906 1325 979 1383 299.
1009 1325 1081 1383 301.
1112 1325 1296 1384 625-626.

278 1415 361 1473 643.
380 1414 454 1474 676.
480 1416 665 1472 710-711,
691 1415 719 1488 2,
735 1414 876 1472 29-30
901 1413 1086 1471 216-221.
1111 1415 1296 1473 342-346.

279 1503 468 1562 512-518.
499 1503 617 1578 3,142.
643 1504 715 1560 191.
740 1505 813 1560 211.
840 1503 1022 1561 238-244.
1049 1503 1234 1561 354-355.
1268 1506 1298 1577 4,

279 1595 331 1653 77.
348 1592 423 1650 166.
440 1593 513 1650 278.
529 1592 603 1650 368.
628 1591 657 1665 5,
674 1593 858 1651 156-161.
876 1593 948 1650 194.
969 1591 1042 1649 598.
1067 1594 1096 1666 6,
1112 1593 1296 1651 271-272,

278 1682 467 1740 451-452.
497 1681 570 1739 547.
599 1680 672 1738 807.
701 1673 782 1759 834)
809 1682 842 1738 in
869 1680 1034 1755 posteriore
1060 1699 1156 1756 paene
1180 1680 1296 1740 abiecit.

277 1770 376 1829 omnis
400 1772 502 1828 autem
524 1770 807 1844 interpretationum
830 1771 974 1828 memoria
996 1771 1029 1827 in
1051 1769 1148 1849 tribus
1172 1768 1231 1828 sita
1253 1773 1298 1829 est

276 1858 365 1918 libris
387 1877 480 1916 manu
503 1859 631 1934 scriptis,
654 1857 692 1916 de
715 1857 824 1934 quibus
846 1877 924 1916 nunc
948 1857 1086 1933 deinceps
1110 1876 1206 1935 agam.

353 1946 622 2007 Laurentianus
654 1947 729 2022 plut.
753 1946 836 2005 XLV
862 1946 926 2006 cod.
950 1946 1014 2020 XV,
1046 1947 1298 2019 membranaceus

277 2038 395 2096 formae
422 2035 549 2114 'grandis
581 2027 680 2110 0,270ι
697 2045 741 2097 ><
759 2036 871 2113 0,375,
903 2035 1150 2110 quaternionibus
1179 2037 1299 2112 viginti,

277 2126 362 2187 foliis
384 2128 505 2185 centum
528 2127 558 2184 et
581 2126 745 2202 sexaginta,
764 2125 868 2189 11111111
890 2124 923 2183 in
945 2124 1031 2184 binas
1054 2128 1155 2201 partes
1178 2126 1298 2202 paginis

277 2214 416 2275 continet
437 2218 506 2290 post
527 2214 653 2273 titulum
676 2214 795 2288 „Tiberi
819 2214 926 2274 Claudi
948 2215 1061 2273 Donati
1084 2214 1123 2273 ad
1146 2213 1298 2273 Tiberium

278 2304 440 2364 Claudium
463 2304 627 2362 Maximum
655 2303 859 2362 Donatianum
885 2303 981 2361 filium
1009 2322 1095 2362 suum
1121 2304 1298 2378 interpreta-

276 2396 398 2453 tionum
420 2392 663 2471 Vergilianarum
689 2391 838 2452 Aeneidos
865 2391 942 2451 liber
968 2391 984 2449 I
1014 2392 1122 2467 incipit
1152 2390 1298 2451 feliciter“

276 2482 467 2558 prooemium
489 2484 521 2540 et
542 2480 635 2540 libros
653 2481 756 2555 I—V,
780 2500 799 2540 a
819 2480 918 2540 verbis
941 2481 1027 2556 „illos
1051 2479 1121 2556 qui“
1143 2499 1236 2557 usque
1261 2480 1299 2539 ad

277 2570 482 2647 „sepultorem
508 2570 642 2628 invenire
670 2588 730 2627 non
753 2568 881 2645 posset“.
926 2570 986 2629 duo
1009 2569 1127 2628 librarii
1148 2571 1227 2628 hunc
1251 2588 1299 2628 co·

278 2658 378 2718 dicem
392 2660 640 2734 conscripserunt,
656 2658 733 2717 alter
747 2652 813 2739 (L1)
833 2660 1042 2734 quaterniones
1057 2661 1170 2734 septem
1184 2659 1298 2734 priores

277 2767 376 2824 usque
400 2748 439 2807 ad
464 2749 493 2822 2,
507 2749 572 2806 494
596 2750 707 2822 „caesis
732 2767 822 2823 quam
845 2746 1003 2824 primum“,
1027 2748 1104 2805 alter
1132 2740 1213 2829 (ΕΠ)
1240 2753 1298 2807 tre-
1374 2761 1378 2767 ’

277 2837 378 2896 decim
399 2838 610 2912 quaterniones
634 2840 789 2912 sequentes
812 2854 906 2912 usque
930 2838 968 2895 ad
986 2836 1083 2895 finem.
1119 2837 1154 2895 de
1173 2836 1299 2897 diversis

277 2925 420 2985 manibus
447 2924 535 2985 Thilo
565 2916 653 3006 (Mus.
677 2924 770 2983 Rhea,
797 2927 836 2985 15
861 2945 889 3000 p.
912 2917 990 3005 149)
1017 2926 1094 2984 nihil
1121 2928 1299 2985 memoravit

277 3015 422 3090 idemque
452 3014 530 3074 falso
562 3013 744 3073 Bandinium
776 3006 879 3094 (catal.
904 3014 986 3073 codd.
1009 3033 1078 3074 mss.
1101 3014 1299 3074 bibliothecae

277 3102 432 3163 Mediceae
451 3101 670 3162 Laurentianae
693 3104 751 3162 vol.
766 3096 812 3184 Π)
836 3105 956 3162 secutus
979 3104 1148 3161 litterarum
1171 3105 1299 3162 formam

278 3190 541 3270 Langobardicam
557 3191 634 3249 dixit
652 3195 682 3250 et
700 3193 820 3251 saeculo
834 3192 862 3249 X
880 3184 1060 3273 (Bandinius
1074 3185 1130 3272 XI)
1151 3192 1298 3251 attribuit.

278 3283 361 3341 recte
384 3280 421 3340 de
443 3282 601 3356 utriusque
624 3280 741 3339 librarii
758 3300 849 3339 manu
867 3281 1076 3341 iudicaverunt
1093 3280 1221 3340 editores
1240 3282 1299 3341 col·

277 3369 421 3431 lectionis
448 3370 716 3447 palaeographicae
744 3369 935 3429 Florentinee
944 3363 969 3449 1)
1003 3363 1087 3450 (fasc.
1111 3370 1156 3428 IV
1182 3374 1260 3446 part.
1284 3370 1300 3428 I

278 3461 345 3522 Lat.
372 3461 424 3519 37.
450 3452 521 3541 38),
554 3457 593 3517 ad
620 3476 694 3533 qnos
722 3477 768 3517 me
797 3459 998 3519 consulentem
1030 3459 1077 3516 vir
1109 3458 1297 3534 doctissimus

278 3550 445 3627 Rostagno,
464 3546 662 3606 bibliothecae
681 3545 901 3607 Laurentianae
924 3549 1081 3624 professor,
1099 3548 1225 3626 benigne
1250 3549 1298 3606 de-

279 3676 497 3686 m·—

354 3756 379 3833 1)
400 3749 941 3839 00110110101101001100111110011111111
961 3758 1159 3834 paleograhci
1177 3757 1332 3815 illustrati

274 3822 313 3873 da
331 3820 413 3872 61101,
435 3818 526 3871 utem
544 3835 560 3871 e
579 3818 635 3873 Ces.
655 3822 747 3895 Paolr,
766 3826 892 3889 Furenze
914 3840 1000 3895 1888,

311 3912 367 3949 von,
380 3912 473 3957 mter-pt.
488 3912 551 3961 Vetat
576 3918 618 3956 vol.
633 3920 653 3960 I.
1085 3931 1111 3989 b

1414 3841 1420 3931 1
