3250 4350
349 420 392 485 68
630 417 771 473 DONATI
788 418 957 473 INTERPR.
977 418 1084 473 VERG.

350 589 504 649 arboribus
523 588 657 647 clausam
674 589 786 647 circum
805 592 895 663 atque
912 587 1102 647 horrentibus
1120 587 1234 646 umbris
1248 587 1361 647 occulit.

350 697 416 738 ecee
444 681 475 737 et
501 678 550 736 bic
572 677 691 736 Aeneae
719 679 845 736 virtutes
874 681 904 735 et
931 677 1024 736 animi
1051 680 1081 735 et
1109 677 1242 752 corporis
1266 695 1362 735 nume

349 771 467 842 rantum
508 766 617 841 quietis
650 768 730 824 enim
762 766 899 826 omnibus
931 770 961 824 et
993 765 1152 844 diligenter
1184 764 1362 825 absconditis

350 857 430 916 solus
454 873 522 914 cum
543 875 603 915 uno
627 855 666 914 ad
687 857 835 914 incertum
857 856 964 932 pergit.
1010 853 1131 915 additur
1153 857 1182 913 ei
1205 875 1223 913 a
1246 855 1326 932 loeo,
1348 873 1364 912 a

350 949 492 1020 tempore,
516 964 535 1003 a
557 963 685 1019 persona
708 944 791 1003 aliud
814 944 853 1003 ad
875 944 1007 1018 laudem3
1030 963 1101 1002 nam
1124 962 1192 1003 cum
1215 962 1247 1002 se
1271 945 1300 1003 ei
1317 943 1364 1003 ob
1385 962 1393 1002 r

350 1035 469 1093 tulisset
500 1034 600 1092 media
631 1035 664 1092 in
696 1033 772 1092 silva
805 1034 960 1108 conposita
990 1033 1028 1092 ad
1055 1032 1217 1092 fallendum
1247 1034 1365 1105 femina,

351 1123 406 1182 sub
438 1123 564 1200 virginis
596 1122 703 1180 babitu
731 1127 761 1181 et
787 1123 885 1181 forma
914 1124 1000 1196 quasi
1026 1124 1176 1196 venatrix,
1208 1127 1309 1182 motus
1336 1124 1367 1180 in

351 1213 507 1272 libidinem
530 1231 590 1271 non
613 1215 672 1286 est,
701 1213 748 1269 oui
771 1210 884 1269 dabant
907 1213 1008 1271 omnia
1031 1210 1160 1270 audendi
1183 1211 1367 1283 facultatem,

351 1302 443 1376 locus,
466 1302 634 1378 virginitas,
658 1300 859 1375 pulchritudo,
881 1303 1016 1359 vestitus.
1063 1299 1222 1359 accedebat
1251 1300 1290 1358 ad
1318 1301 1367 1359 ho·

352 1391 440 1449 minis
464 1391 634 1449 castitatem
656 1390 806 1449 malorum
828 1392 981 1448 tantorum
1003 1407 1093 1448 saeva
1111 1391 1273 1467 congeries,
1293 1407 1368 1464 quae
1380 1408 1398 1448 o

352 1481 444 1537 etiam
462 1478 639 1538 libidinosos
656 1481 778 1538 revocat
797 1497 815 1536 a
830 1477 954 1536 Veneris
972 1478 1188 1553 voluptatibus,
1206 1483 1242 1537 ut
1261 1478 1368 1538 Teren·

352 1569 412 1626 tius
441 1569 485 1625 ait
512 1559 625 1648 (heaut.
647 1558 800 1646 1,1‚57)
824 1567 926 1640 „nulla
949 1566 1023 1626 adeo
1046 1587 1081 1625 ex
1103 1587 1135 1626 re
1157 1567 1240 1626 istud
1258 1567 1294 1626 fit
1312 1569 1370 1625 nisi

353 1676 388 1715 ex
411 1657 504 1715 nimio
529 1655 617 1716 otio“.
657 1658 701 1715 ait
724 1676 794 1734 ergo
819 1657 866 1714 cai
887 1660 981 1714 mater
1002 1657 1100 1716 media
1121 1673 1182 1715 sese
1200 1657 1268 1714 aare
1284 1658 1370 1715 obvio

301 1752 352 1799 315
362 1747 439 1804 sileo
460 1747 584 1819 cr'rpr'ru's
606 1762 639 1804 os
659 1747 846 1818 roboamque
866 1762 970 1819 pereas
988 1750 1014 1803 et
1030 1748 1155 1820 cirpiais
1172 1763 1261 1804 errae
1278 1745 1370 1820 Spur-

353 1839 441 1894 tooae
467 1835 512 1893 ool
541 1835 645 1907 qualis·
669 1852 755 1906 equos
784 1835 923 1893 Threissa
953 1837 1061 1908 fodicet
1086 1835 1259 1910 Harpalyce
1290 1835 1400 1894 coba-a

354 1940 485 1997 oramque
501 1924 576 1996 faya
589 1926 788 1996 praevertitur
801 1924 943 1982 Hebrum.
974 1942 1101 1997 aomqae
1118 1925 1228 1982 amoris
1243 1925 1279 1982 dc
1291 1941 1371 1982 more

353 2013 478 2071 bubdam
500 2014 691 2086 suspenderat
713 2030 816 2071 orcam
837 2014 971 2071 venatrix
993 2013 1166 2086 dederatque
1183 2029 1297 2071 comam
1316 2014 1371 2085 dif-

302 2103 485 2175 saofmroere
512 2104 616 2169 aerim,
643 2103 825 2175 nudauerat
848 2103 979 2174 nodoque
1001 2103 1085 2160 anus
1107 2102 1223 2161 collecta
1245 2104 1370 2174 ducatis

355 2210 420 2250 eece
449 2195 561 2265 quanta
588 2194 782 2250 inritamenta
809 2192 944 2250 libidinis
967 2191 1089 2250 Aenean
1117 2211 1177 2251 non
1200 2196 1370 2251 moverunt:

355 2300 425 2338 nam
452 2282 510 2338 fuit
537 2281 675 2355 pulchra,
702 2281 777 2340 bene
805 2283 927 2354 vestita,
955 2281 1072 2355 capillis
1100 2280 1215 2339 diffusis
1240 2285 1270 2339 et
1294 2298 1402 2359 genua

355 2369 447 2442 nuda,
480 2368 585 2427 dehinc
619 2369 697 2444 quod
725 2388 755 2427 se
782 2371 815 2427 in
841 2370 896 2428 illa
924 2370 1084 2428 solitudine
1112 2370 1150 2428 ad
1177 2369 1370 2428 conferendas

356 2479 422 2517 cum
450 2460 523 2515 viris
550 2458 667 2517 fabulas
695 2460 779 2533 prior
805 2460 939 2536 ingessit.
986 2458 1065 2533 quod
1091 2478 1161 2518 vero
1190 2460 1372 2535 generaliter

356 2549 468 2605 dictum
497 2550 541 2605 est
564 2549 690 2624 virginis
714 2566 746 2607 os
769 2548 965 2622 habitumque
988 2566 1106 2624 gerens,
1133 2547 1190 2607 boo
1217 2553 1264 2607 est
1293 2548 1371 2623 quod

356 2637 526 2712 specialiter
549 2639 736 2695 enumeravit
759 2636 831 2711 quid
855 2639 895 2694 sit
917 2639 1044 2713 virginis
1068 2656 1114 2711 os,
1142 2637 1214 2711 quid
1237 2636 1371 2710 babitus3

355 2745 425 2783 nam
453 2724 630 2799 suspendere
659 2744 760 2783 arcum
788 2729 818 2783 et
846 2745 961 2784 comam
988 2728 1085 2784 ventis
1118 2724 1188 2783 dare
1220 2727 1405 2803 virginumss

357 2817 401 2873 est
424 2816 544 2888 species,
569 2814 649 2872 nuda
672 2834 750 2891 genu
773 2815 911 2889 nodoque
935 2817 1016 2873 sinus
1041 2815 1165 2874 collecta
1187 2814 1309 2874 fluentis
1336 2816 1372 2873 ad

356 2902 493 2960 habitum
520 2904 678 2977 pertinent.
725 2903 806 2962 nuda
834 2923 911 2981 genu
939 2908 968 2962 et
996 2906 1078 2962 sinus
1104 2903 1230 2963 collecta
1253 2904 1372 2963 fluentis

356 3010 465 3067 genera
489 2994 557 3049 sunt
580 2993 772 3066 locutionum,
797 2997 831 3050 ut
855 2995 989 3053 ornatior
1011 2992 1064 3050 fiat
1088 2995 1193 3052 oratio.
1234 3011 1269 3052 oc
1286 2996 1373 3066 prior

355 3083 438 3148 bers,
473 3082 580 3152 incorr,
611 3084 745 3151 iacerem
785 3084 869 3156 prior
896 3083 976 3139 enim
1004 3081 1106 3139 debuit
1133 3081 1234 3140 Venus
1267 3083 1372 3141 offerre

356 3169 497 3243 loquendi
529 3168 681 3243 fiduciam,
713 3190 750 3228 ne
782 3171 844 3228 illis
876 3171 1035 3245 inprobum
1066 3171 1193 3229 forsitan
1221 3170 1408 3230 videreturo

357 3278 423 3316 oum
451 3260 580 3332 virgine,
608 3277 676 3316 cum
704 3260 767 3318 sola
796 3279 872 3333 quae
899 3279 959 3319 non
983 3260 1047 3318 sola
1069 3264 1226 3335 putaretur
1249 3262 1372 3320 miseere

357 3348 555 3422 conloquium.
603 3352 680 3406 certe
709 3352 738 3406 et
765 3349 842 3406 illud
870 3349 908 3406 ad
936 3348 1100 3407 fallendum
1122 3348 1312 3427 proficiebat,
1340 3353 1373 3407 ut

430 3523 442 3569 1
463 3518 567 3571 cribris
587 3534 638 3570 om.
655 3518 697 3571 ed.
768 3524 783 3570 2
803 3525 1094 3572 ecce—aremororrtcr
1112 3534 1198 3586 supra
1216 3521 1282 3586 post
1301 3519 1373 3573 dixit

357 3588 475 3642 inseruit
495 3589 537 3642 ed.
613 3595 643 3642 11
664 3590 781 3643 cerariis
799 3607 821 3641 r.
896 3596 929 3641 12
949 3591 990 3643 uit
1008 3606 1061 3642 om.
1077 3590 1143 3641 edl'.
1217 3596 1370 3643 Neomare

353 3660 407 3710 Lll
425 3677 516 3714 eomas
536 3661 578 3713 ed,
652 3666 686 3713 27
705 3661 948 3727 audo—flueretis
966 3677 1019 3714 om.
1035 3661 1077 3714 ed.
1152 3665 1186 3713 29
1206 3662 1298 3729 inquit
1319 3678 1371 3714 om.

339 3730 381 3780 ed
446 3736 485 3783 30
499 3734 604 3799 farsam
624 3734 668 3789 ed.
732 3739 763 3788 31
786 3751 855 3805 quoe
874 3750 932 3789 raca
950 3733 1009 3786 solu
1023 3732 1078 3784 ΒΚ
1094 3732 1230 3799 expunxit
1248 3751 1262 3785 r
1279 3732 1372 3786 nescio

243 3846 247 3851 ,
324 3811 362 3846 an
381 3805 465 3855 recte
485 3823 563 3874 quae
582 3814 655 3866 trmc
672 3810 739 3866 sola
758 3809 830 3865 edF.
