3250 4350
658 436 843 495 AFNFIDOS
861 437 902 491 W
1225 438 1293 504 379

273 604 388 664 dietum
414 607 456 664 sit
484 607 520 666 de
542 606 653 665 Famae
681 606 866 680 definitione,
894 625 971 665 nunc
999 606 1154 666 redeamus
1181 608 1221 666 ad
1248 619 1293 667 re'·

271 694 370 770 liqna,
399 713 475 769 quae
503 696 606 754 eadem
634 695 727 755 Fama
753 715 808 771 per
834 695 968 754 infinitos
1000 698 1112 771 passim
1144 697 1292 772 loquendo

271 783 447 859 pertulerat.
487 787 626 858 protinas
653 786 693 844 ad
720 801 815 858 repem
843 801 948 844 mersas
975 785 1122 857 detorquet
1143 787 1345 846 Hiarbcnlat

229 930 240 953 ⁰
270 873 455 944 amenditane
479 875 612 932 animem
639 875 723 933 dictis
752 877 838 946 atque
864 876 985 948 apperat
1010 875 1088 933 iras:
1124 873 1151 932 si
1177 876 1292 950 poetice

243 964 304 1022 set
331 963 376 1019 ita
398 964 434 1019 ut
450 965 588 1037 positum
614 968 659 1021 est
685 963 909 1041 intellegam,
935 964 1081 1022 nstrum
1108 982 1176 1021 eum
1198 964 1291 1023 Fama

272 1052 364 1124 atque
387 1052 448 1109 iras
472 1052 536 1110 eius
560 1051 703 1128 agitavit:
726 1052 882 1127 quaeritur
903 1053 1006 1110 utram
1029 1070 1104 1128 quas
1123 1052 1234 1110 fecerat
1253 1072 1292 1112 an

272 1157 348 1214 quaa
368 1139 447 1214 apud
466 1139 602 1200 Hiarban
619 1139 798 1199 invenerat?
833 1140 940 1204 melius
959 1145 1005 1200 est
1019 1141 1196 1218 >intellegere
1217 1160 1291 1216 quas

271 1228 436 1304 invenerat,
456 1229 528 1304 quia
547 1229 622 1288 dixit
645 1232 820 1307 exaggerat:
843 1229 963 1289 facilius
986 1232 1067 1288 enim
1090 1229 1237 1289 excitatur
1259 1233 1291 1288 in

270 1316 459 1375 iracundiam
491 1318 636 1378 maiorem
668 1321 721 1394 qui
752 1320 811 1377 iam
845 1318 938 1376 habet
959 1318 1098 1376 animum
1117 1337 1160 1376 ex
1188 1320 1292 1378 eadem

226 1425 257 1466 ao
272 1422 363 1464 causa
391 1409 580 1466 commotam.
626 1407 755 1466 Hiarbas
783 1407 918 1483 qnidam,
946 1409 999 1483 qui
1025 1407 1084 1466 fuit
1109 1407 1141 1464 in
1164 1407 1291 1468 Didonis
1337 1473 1340 1478 ,

271 1496 419 1570 petitione
443 1498 645 1572 contemptus,
669 1515 761 1572 eoque
784 1498 913 1555 maxime
937 1495 1016 1571 quod
1040 1496 1209 1574 alienigena
1231 1517 1291 1556 me·

270 1583 381 1643 ruisset
405 1585 484 1659 quod
507 1587 571 1660 ipse
594 1585 746 1661 inpetrare
769 1604 829 1643 non
847 1586 953 1657 valuit,
972 1585 1078 1644 debuit
1096 1587 1193 1644 acrius
1213 1604 1291 1646 com·

270 1672 392 1731 moveri.
434 1675 461 1732 si
484 1677 568 1733 extra
590 1676 743 1750 poeticum
766 1677 881 1732 textum
904 1693 1081 1750 quaeramus
1104 1675 1291 1734 intellectum

270 1763 446 1837 simplicem,
466 1781 534 1821 cum
551 1763 681 1823 Hiarbas
700 1764 833 1822 audisset
851 1762 1020 1821 rumoribus
1039 1766 1151 1839 sparsis
1166 1764 1289 1823 Aenean

227 1871 256 1911 15
271 1870 308 1908 ex
331 1851 504 1928 longinquis
526 1852 664 1928 partibus
686 1854 856 1911 venientem
879 1851 938 1910 sibi
959 1853 1096 1927 proximo
1115 1855 1154 1925 et,
1173 1856 1208 1911 ut
1225 1856 1289 1929 ipse

269 1939 484 2016 arbitrabatur,
498 1943 612 2016 potiori
630 1959 692 2000 esse
710 1941 888 2017 praelatum,
907 1942 1097 1999 vehementer
1115 1944 1214 2000 motus
1231 1946 1290 2001 cst:

269 2031 303 2086 in
331 2028 378 2087 his
406 2031 487 2088 enim
514 2033 562 2089 vel
589 2032 717 2088 maxime
746 2032 843 2089 causis
870 2030 1060 2089 intoleranda
1086 2031 1208 2106 repulsa
1236 2034 1290 2105 est,

271 2137 349 2193 quae
372 2121 444 2178 tunc
466 2119 728 2197 magiswsentitur,
753 2137 822 2178 cum
844 2119 1017 2179 inferiorern
1039 2123 1180 2195 putamus
1204 2120 1289 2180 nobis

271 2225 335 2266 asse
354 2208 531 2282 praelatum.
564 2211 678 2268 interea
698 2208 890 2268 ostendamus
905 2209 1097 2284 hyperbaton
1116 2210 1195 2284 quod
1215 2209 1290 2267 dini·

226 2317 256 2357 ao
270 2315 338 2355 mus
365 2297 493 2356 factum:
529 2298 727 2373 descriptione
756 2298 836 2356 enim
863 2298 973 2355 Famae
1005 2302 1077 2357 tunc
1103 2300 1203 2373 posita
1230 2319 1289 2357 una

270 2386 470 2461 descriptione
494 2386 603 2446 divisit.
640 2387 717 2446 hanc
740 2386 767 2445 si
788 2386 957 2462 subtrahas
981 2386 1039 2445 erit
1060 2407 1121 2446 una
1143 2387 1289 2446 narratio:

270 2476 420 2549 extemplo
444 2475 557 2551 Libyae
579 2495 704 2554 magnas
727 2477 753 2534 it
776 2475 870 2534 Fama
892 2496 946 2551 per
969 2477 1064 2550 urbis,
1092 2478 1177 2551 sequi
1202 2475 1289 2534 debet

269 2565 409 2639 protinus
432 2564 471 2622 ad
493 2584 594 2643 regem
616 2584 735 2624 cursum
755 2565 917 2641 detorquet
939 2565 1083 2624 Hiarban.

340 2653 399 2710 Hic
412 2654 578 2713 Hammone
595 2659 678 2713 satas
696 2657 786 2728 rapta
803 2654 1018 2713 Garamantide
1035 2655 1164 2727 npmplm
1182 2655 1289 2727 templa

224 2761 256 2802 as
270 2742 339 2799 loci
362 2746 475 2800 centnm
498 2744 566 2802 latis
587 2746 723 2803 inmania
744 2745 984 2816 reprimentem
1004 2760 1077 2801 aras
1089 2745 1190 2816 poscit
1207 2744 1343 2817 cipi-200

269 2830 382 2903 ianque
409 2835 578 2890 sacraverat
603 2834 712 2905 mecm,
738 2834 875 2893 mentiar
903 2833 1004 2891 dicam
1031 2836 1177 2901 arianas,
1200 2850 1290 2907 pecn-

270 2920 398 2991 dmmqne
416 2936 518 2980 crnore
529 2923 642 2996 pinpne
660 2921 756 2980 solam
775 2926 800 2980 et
816 2923 911 2981 caras
924 2924 1060 2993 florentia
1074 2922 1178 2980 iimina
1191 2923 1290 2981 sertis:

345 3112 360 3159 3
379 3108 519 3162 Hiarbam
539 3108 581 3161 ed.
666 3114 681 3161 6
700 3110 760 3163 iras
777 3108 831 3162 LR
848 3111 922 3163 iram
941 3108 984 3161 ed.
1072 3113 1087 3161 9
1106 3110 1163 3161 iarn
1181 3108 1207 3161 R
1225 3125 1289 3163 cum

269 3181 377 3247 puncto
397 3178 525 3232 sabab
545 3196 597 3245 om.
613 3179 657 3233 ed.
741 3185 774 3232 10
793 3181 842 3248 qai
860 3179 913 3233 LR
931 3180 974 3233 ed.
994 3180 1079 3249 qaia?
1165 3186 1195 3233 11
1216 3181 1289 3248 qaod

269 3251 428 3320 alicnipena
447 3251 473 3303 a
491 3251 674 3321 alie-nipenam
694 3250 796 3304 omisso
816 3251 889 3319 qaod
908 3250 929 3302 L
948 3251 991 3305 cd.
1085 3255 1117 3303 13
1136 3252 1162 3305 si
1179 3250 1231 3302 th
1249 3254 1289 3305 sic

270 3321 320 3374 edi
333 3322 378 3375 sia
393 3321 458 3375 edF.
516 3329 548 3374 16
563 3329 686 3376 mortens
700 3321 753 3374 th
770 3329 859 3377 motas
872 3340 887 3374 r
900 3322 943 3375 ed.
1004 3326 1109 3374 19-20
1127 3322 1289 3390 biperbaton

269 3410 354 3461 qnam
372 3393 496 3447 dirimas
513 3391 685 3459 sactam'Lll
702 3392 747 3446 vel
766 3394 839 3463 qnod
855 3410 871 3445 r
888 3393 918 3445 in
936 3408 1025 3461 marg.
1039 3394 1103 3461 bpp.
1118 3393 1190 3461 qnod
1208 3392 1251 3446 ed.

269 3469 306 3517 20
320 3464 518 3518 discribeisseL
533 3465 705 3533 descripsisse
715 3464 741 3516 a
754 3464 962 3532 descriptionem
976 3464 1019 3517 ed.
1035 3464 1214 3532 descriptione
1227 3479 1287 3516 noe.

325 3540 429 3588 20-21
450 3542 516 3590 tmm
526 3538 620 3603 posita
632 3552 694 3589 ana
707 3536 887 3604 descriptione
900 3535 953 3587 th
971 3541 989 3588 t.
1000 3536 1119 3603 positam
1138 3552 1166 3588 a.
1181 3535 1209 3587 d.
1229 3535 1287 3589 ed:

268 3613 336 3660 tane
351 3603 445 3675 positd
463 3624 523 3660 ana
541 3608 567 3661 d.
588 3607 625 3661 ad
643 3622 739 3660 versus
758 3621 844 3677 supra
862 3606 1005 3661 aDonato
1024 3622 1081 3659 una
1099 3605 1288 3674 descriptione

268 3677 436 3731 coniunctos
450 3677 575 3747 respicit.
622 3684 654 3731 21
670 3679 833 3733 narratione
842 3676 902 3744 aa,
913 3678 962 3731 sed
971 3678 1099 3731 narratio
1108 3677 1246 3747 corripio
1254 3677 1287 3729 la

324 3753 359 3802 22
378 3750 499 3818 exemplo
517 3748 577 3803 LR.
608 3752 611 3817 Ι
644 3751 709 3818 post
728 3766 780 3817 per
797 3750 875 3804 arbes
893 3748 988 3803 nescio
1008 3764 1043 3802 an
1063 3754 1088 3802 et
1106 3754 1192 3803 ceter-a
1214 3746 1288 3801 exei-

269 3819 351 3874 derit.
426 3825 459 3874 27
478 3834 575 3876 cruore
592 3819 618 3872 R
635 3836 758 3876 cruorem
776 3820 797 3873 L
817 3821 870 3886 ed,
889 3820 940 3873 ced
957 3836 1053 3875 amore
1071 3818 1238 3888 explicatur.
1255 3838 1264 3871 ·:
