3250 4350
671 415 855 470 AENEIDOS
873 416 900 470 11
1230 416 1296 482 243

275 587 302 642 et
324 586 387 642 tom
404 601 462 657 per
482 586 598 643 omento
621 586 730 644 clarmr
754 585 832 659 iocis
856 587 978 645 auditur
994 588 1177 660 propiusque
1200 591 1297 645 aestus

274 673 415 731 incendic
441 674 574 731 volvunt:
609 673 683 732 haec
711 675 828 732 locutus
858 678 904 734 est
934 678 1021 750 pater
1052 692 1148 748 meus,
1181 674 1232 732 sed
1263 677 1301 735 in

276 763 499 837 apertissimum
522 761 680 822 discrimen
703 764 843 838 venisset,
866 765 893 823 si
916 765 1055 824 existeret
1072 762 1152 821 filius
1170 764 1303 823 ulterior·

274 869 374 924 mora,
410 870 481 909 nam
509 854 721 927 crepitantium
748 852 937 911 flammarum
963 852 1056 912 vicini
1083 853 1197 912 sonitus
1229 871 1303 928 per·v

245 939 436 1002 eveniebant
459 939 498 998 ad
521 941 601 999 auris
625 945 742 1001 nostras
766 945 797 1001 et
819 942 921 1000 venire
943 941 1082 1000 incendia
1106 943 1204 1000 aestus
1228 960 1304 1019 gra·x

274 1029 391 1087 vissimi
415 1028 603 1088 nuntiabant.
649 1019 716 1105 erpo
739 1048 800 1105 ope,
824 1048 891 1089 core
908 1032 1005 1104 palo,
1028 1033 1133 1090 corici
1156 1033 1305 1103 mpoarc

272 1122 403 1186 coerce,
435 1120 498 1191 ipse
529 1120 632 1178 subibo
664 1123 775 1178 umeris
803 1137 863 1178 occ.
883 1138 929 1179 me
955 1120 1040 1179 labor
1066 1122 1119 1178 istc
1144 1120 1295 1194 yrccobit:

267 1225 329 1283 -ego
358 1224 428 1264 curn
455 1206 588 1265 viderem
615 1210 786 1284 propinqua
812 1209 952 1268 incendia
975 1212 1007 1266 et
1028 1211 1146 1284 patrem
1168 1209 1219 1266 vix
1243 1207 1301 1267 ad-¹

272 1314 402 1370 sensum,
425 1316 463 1354 ne
488 1315 546 1371 quo
570 1315 642 1356 casu
665 1300 796 1356 mutaret
818 1302 940 1373 repente
963 1297 1156 1372 sententiam,
1180 1297 1301 1372 arripui

230 1407 257 1447 ro
273 1387 413 1460 optatum
439 1386 572 1461 tempus,
600 1390 699 1462 pater,
732 1389 872 1462 inquam,
904 1406 965 1446 non
991 1385 1049 1446 tibi
1076 1386 1184 1445 desunt
1210 1404 1300 1444 meae.

272 1475 397 1532 cervicis
422 1472 572 1548 obsequia,
590 1477 653 1534 iam
675 1478 818 1551 inponere
840 1476 951 1534 umeris
969 1477 1051 1549 meis,
1070 1474 1185 1551 pondus
1205 1477 1292 1533 tuum

270 1563 397 1621 deliciae
428 1581 511 1622 meae
544 1567 625 1639 sunt,
658 1566 749 1624 faciet
778 1566 875 1640 pietas
907 1565 973 1622 leve
1001 1564 1081 1640 quod
1109 1566 1198 1639 putas
1227 1582 1291 1623 esse

271 1653 496 1729 gravissimum,
529 1655 677 1712 sarcinam
708 1656 792 1712 tuam
823 1653 950 1712 libenter
976 1653 1118 1712 tolerabit
1145 1652 1288 1711 adfectus.

271 1760 367 1798 lorum
390 1745 416 1799 et
438 1758 587 1803 mucce
605 1744 759 1815 periclum,
782 1761 845 1801 uno
866 1743 950 1801 solus
972 1741 1112 1799 ambobus
1135 1744 1202 1800 erit:
1225 1744 1278 1799 aut
1289 1747 1340 1796 710

232 1830 407 1905 neutrisque
429 1833 585 1905 proveniet
608 1832 688 1890 salus
713 1834 768 1890 aut
790 1834 936 1906 utrosque
959 1830 1026 1888 finis
1045 1829 1185 1888 inveniet.
1221 1832 1294 1890 mibi

269 1920 351 1977 solus
383 1919 471 1976 Iulos
506 1922 546 1979 su
577 1937 668 1979 comes
701 1925 727 1979 ct
758 1921 840 1996 lccye
871 1925 964 1979 servet
993 1921 1117 1994 vestigio
1148 1923 1288 1978 woicam:

271 2007 411 2065 omnibus
439 2026 515 2083 quae
543 2009 686 2068 obiectari
712 2013 834 2084 possent
865 2010 946 2068 ultro
978 2008 1140 2084 respondit.
1187 2008 1289 2083 potuit

271 2099 351 2155 enim
371 2096 468 2155 dicere
485 2096 629 2157 Anchises
650 2099 798 2175 quomodo
817 2099 933 2176 fugiam
951 2101 982 2157 et
1000 2100 1119 2156 senecta
1136 2095 1288 2172 inpeditus

270 2189 300 2245 et
328 2188 461 2261 corporis
494 2186 603 2246 causa?
634 2189 704 2246 huic
735 2191 815 2247 recte
846 2187 1000 2264 respondit
1032 2206 1085 2265 ego
1117 2190 1148 2245 te
1178 2188 1288 2246 umeris

234 2275 344 2335 romeis
373 2277 476 2334 feram.
522 2279 623 2352 potuit
650 2278 711 2335 dici
737 2297 775 2336 ne
801 2280 832 2337 te
860 2280 966 2354 gravet
993 2296 1066 2337 onus
1094 2295 1206 2334 meum:
1244 2277 1289 2333 ait

270 2382 359 2423 onere
382 2366 429 2422 tui
452 2368 584 2440 corporis
608 2385 668 2426 non
692 2366 847 2445 gravabor.
893 2368 993 2442 potuit
1017 2366 1077 2424 dici
1100 2364 1172 2440 quid
1194 2365 1288 2423 facies

269 2452 332 2511 filio
355 2450 503 2528 parvulo?
527 2454 599 2529 quid
617 2456 708 2515 facies
727 2454 832 2513 uxori?
862 2456 981 2530 iuvabo,
1001 2456 1053 2527 ait,
1071 2454 1169 2512 filium
1186 2472 1287 2515 meum

270 2544 418 2601 comitatu
440 2562 505 2601 meo
525 2547 555 2602 et
573 2545 686 2604 auxilio
710 2543 848 2603 dexterae
866 2562 958 2619 meae,
976 2562 1051 2601 uxor
1069 2561 1186 2621 gressus
1204 2561 1287 2601 meos

268 2631 457 2708 vestigiaque
481 2632 652 2691 sectabitur.
692 2632 772 2708 quod
796 2634 842 2691 ait
864 2634 945 2691 solus
967 2633 1050 2690 Iulus
1074 2633 1113 2690 sit
1137 2649 1234 2689 comes
1258 2634 1288 2689 et

237 2721 359 2798 alonge
383 2723 480 2779 servet
502 2721 631 2797 vestigia
654 2724 792 2794 coniunx,
816 2722 934 2780 consilii
951 2721 1019 2794 fuit,
1037 2724 1072 2778 ut
1090 2721 1186 2778 tutior
1203 2719 1288 2779 fieret

268 2811 355 2887 fuga,
389 2811 415 2867 si
442 2811 521 2867 enim
549 2810 671 2886 plurimi
698 2813 963 2887 congregarentur,
991 2829 1050 2869 non
1078 2809 1167 2867 facile
1194 2809 1288 2868 latere

266 2900 447 2975 potuissent.
484 2918 587 2957 verum
610 2901 682 2975 quia
701 2902 731 2957 et
750 2900 811 2957 suis
831 2899 982 2959 consulere
1002 2897 1112 2972 debuit,
1132 2897 1185 2956 dat
1204 2917 1287 2957 man-

267 2988 354 3062 data,
387 2988 422 3045 ut
452 2987 572 3046 discreti
604 2989 713 3047 abeant
745 2987 860 3064 sibique
892 2990 1051 3047 occurrant
1078 3004 1112 3045 ac
1141 3008 1178 3046 ne
1211 2988 1288 3046 forte

267 3095 369 3135 errore
393 3075 474 3134 ducti
497 3076 640 3136 aliorsum
663 3077 818 3136 tenderent
841 3096 988 3155 gressum,
1015 3077 1069 3135 hos
1095 3075 1288 3135 evidentiori·

231 3166 321 3225 obus
351 3167 518 3241 praeceptis
541 3167 696 3240 instruxit,
723 3184 788 3235 cos,
811 3166 925 3242 inquit,
948 3167 1167 3240 famelicitate
1191 3166 1288 3224 dicum

342 3377 358 3423 3
377 3370 493 3437 filiusL
515 3372 588 3439 filios
605 3371 631 3424 R
654 3371 713 3438 filio
731 3390 745 3423 r
767 3372 822 3438 filii
840 3371 883 3425 ed.
985 3376 1018 3423 14
1041 3386 1094 3437 quo
1117 3387 1161 3424 res
1183 3386 1288 3437 cacque

266 3443 374 3497 cadant
391 3440 518 3495 lemmati
536 3442 668 3512 praefixit
691 3443 744 3507 ed,
764 3443 844 3495 deest
866 3442 896 3495 in
914 3442 967 3494 th
984 3456 1076 3508 neque
1095 3441 1260 3508 explicatur.
1282 3440 1285 3511 l

263 3512 501 3583 peccaremus.
582 3519 614 3566 16
633 3516 707 3568 aolus
725 3513 777 3566 LR
796 3514 855 3567 edll
870 3530 976 3581 parvus
995 3512 1078 3581 Verg.
1097 3511 1164 3564 libri
1183 3515 1212 3563 et
1230 3511 1287 3577 edl,

264 3586 316 3640 sed
335 3585 413 3639 solua
430 3583 665 3653 interpretatione
683 3585 818 3637 firmatur.
909 3590 942 3637 19
961 3599 1047 3637 caasa
1065 3582 1118 3635 LR
1136 3598 1203 3636 cosa
1220 3582 1250 3635 r'.

264 3661 298 3710 20
318 3673 354 3710 rw
374 3671 427 3709 om.
443 3655 485 3709 ed.
517 3656 521 3726 l
553 3656 681 3726 mauebit
699 3655 742 3709 ed.
852 3660 885 3708 28
909 3662 941 3709 ut
963 3655 1074 3709 discreti
1094 3654 1214 3708 habeant
1236 3653 1288 3705 LR

264 3760 299 3769 -
315 3728 418 3781 obeant
436 3743 450 3778 r
468 3728 561 3781 cetero
573 3732 606 3781 ut
618 3728 675 3781 olio
689 3728 786 3796 fugam
799 3728 942 3795 arripiant
960 3726 1003 3779 ed.
1021 3727 1024 3797 l
1041 3731 1189 3780 occurrant
1208 3724 1250 3777 ed.

263 3806 298 3854 29
320 3799 442 3853 aliorum
460 3797 512 3851 La
531 3798 663 3853 aliorsum
681 3816 696 3849 r
714 3799 751 3851 ad
769 3798 889 3852 aliorum
908 3797 951 3851 ed.

1022 3886 1075 3923 m*
