3250 4350
352 396 397 462 ’42
632 395 774 451 ΒΟΝΔΤΙ
791 396 961 451 murum.
980 395 1088 452 VERG.

224 554 228 561 '
299 570 352 620 180
420 566 475 624 Ait
497 584 567 644 ergo
584 563 704 625 Assem
724 565 877 640 sapam
898 569 1010 627 intereo
1031 568 1198 626 oonsoendit
1215 570 1244 625 et
1261 584 1369 641 mera

348 659 534 730 prospector
555 655 613 714 tote
626 656 734 729 petopo
746 658 829 730 petit,
846 654 963 714 Autbeo
981 657 1009 714 si
1026 654 1111 730 duem
1128 659 1272 715 ιάάαίυη
1284 661 1368 717 aaa

351 745 451 804 rideat
471 744 673 818 Phrygiusque
698 745 817 804 mab
846 749 900 804 out
927 745 1032 820 eappa
1058 749 1112 804 out
1132 746 1216 807 eolre
1243 747 1279 803 ia
1295 758 1368 819 pap

344 834 439 908 pibus
460 851 548 893 mmo
571 832 664 893 Cetei.
705 852 813 893 moero
835 836 868 892 in
891 839 1043 907 conspeetu
1063 835 1188 902 nubae
1211 837 1268 894 bia
1290 833 1370 893 litore

300 927 458 987 18t'oeroos
485 925 629 997 prospicit
658 923 800 990 euantis,
833 924 886 981 bos
914 927 973 982 toto
1000 927 1134 983 omento
1161 927 1327 998 sanamur
1351 940 1395 983 oi

344 1016 430 1088 tergo
457 1016 485 1072 ot
511 1013 629 1086 tmepore
650 1028 707 1085 per
733 1013 821 1071 bottis
843 1015 980 1086 poscitur
1010 1031 1122 1087 opum
1168 1015 1298 1072 sonabit
1327 1013 1370 1072 bio

345 1118 510 1174 ‘mauroque
540 1119 634 1160 mauu
665 1100 821 1174 mamque
851 1104 975 1174 rupitias
1002 1104 1156 1174 oorripait,
1188 1103 1270 1173 fidus
1298 1119 1370 1176 quoe

342 1191 410 1251 teto
430 1191 549 1264 peretot
569 1187 705 1257 Asbotos,
728 1191 917 1263 ductoresque
938 1193 1018 1264 ipsos
1035 1193 1169 1264 primaru
1190 1193 1292 1264 eapite
1311 1191 1369 1250 otto

300 1285 351 1335 190
360 1281 481 1354 serentis
508 1279 644 1338 coraibus
670 1279 803 1338 arboreis
830 1282 945 1347 sternit,
978 1285 1040 1338 tura
1067 1281 1172 1352 sumus
1203 1284 1232 1338 et
1258 1297 1369 1339 oriam

349 1372 451 1429 miscet
468 1386 559 1442 weris
577 1369 640 1427 tetis
663 1364 802 1442 [umora
820 1371 897 1426 iuter
914 1370 1039 1442 frorodeo
1058 1369 1183 1428 turbam.
1215 1386 1270 1429 roeo
1281 1372 1396 1443 pauso

345 1459 466 1518 obsistit
492 1475 581 1531 quom
608 1460 715 1530 septem
741 1460 872 1531 inperitia
899 1461 990 1516 oiotor
1012 1475 1135 1532 corporo
1157 1459 1269 1531 faedat
1290 1459 1370 1518 barri

352 1552 379 1606 et
399 1565 556 1606 aemorum
579 1545 662 1621 ouon]
679 1548 806 1606 novibus
825 1551 940 1620 aequm·
963 1547 1043 1623 quod
1062 1548 1106 1606 ait
1124 1566 1234 1606 navem
1250 1549 1284 1606 in
1303 1566 1370 1607 eon·

353 1638 455 1712 speetu
483 1636 611 1708 nullam,
640 1635 695 1694 tris
723 1636 812 1694 litore
841 1654 942 1696 cervos
970 1637 1129 1713 prospicit,
1155 1639 1303 1712 prospicit
1325 1635 1369 1695 bis

352 1724 567 1801 accipiendum,
589 1727 624 1783 ut
647 1726 687 1782 sit
709 1744 818 1784 navem
840 1725 952 1783 nullam
977 1726 1131 1801 prospicit,
1150 1723 1202 1784 sed
1225 1726 1369 1801 prospicit

353 1833 463 1874 cervos.
500 1813 576 1872 fidus
601 1832 677 1889 quae
700 1814 762 1872 tela
785 1813 908 1891 gerebat
925 1814 1069 1874 Achates:
1092 1817 1146 1873 aut
1168 1815 1394 1889 inpraesentia

353 1903 457 1963 aderat
484 1907 514 1962 et
542 1902 676 1980 gerebat,
704 1906 758 1961 aut
786 1902 857 1977 quia
880 1906 944 1979 ipse
968 1903 1137 1962 excudendo
1160 1905 1226 1980 igni
1249 1922 1369 1981 operam

352 1992 444 2051 dabat
472 1995 502 2051 et
529 1995 725 2064 remanserat,
752 1992 860 2051 merito
888 1993 1001 2051 dietum
1029 1991 1163 2070 gerebat,
1190 1996 1226 2050 nt
1253 1993 1368 2051 Aeneas

351 2084 424 2140 tuno
446 2084 581 2157 portaret
604 2080 666 2139 tela
690 2100 766 2156 quae
784 2081 915 2140 Achates
939 2081 1044 2141 solitus
1063 2083 1162 2140 fuerat
1180 2082 1267 2141 ferre.
1305 2100 1368 2140 eum

352 2172 445 2249 igitur
472 2169 589 2230 nullum
618 2172 646 2229 ei
674 2170 829 2248 navigium
855 2171 888 2229 in
915 2170 1076 2230 latitudine
1108 2170 1242 2230 subiecta
1269 2171 1368 2249 pelagi

353 2262 555 2336 apparuisset,
583 2263 706 2319 eventus
732 2278 886 2318 cervorum
910 2279 1014 2338 greges
1037 2262 1158 2336 repente
1181 2263 1396 2333 monstrarita

353 2350 432 2424 quod
460 2351 558 2424 ipsum
586 2353 766 2424 oportunum
793 2348 891 2407 visum
919 2353 977 2424 est,
1005 2368 1064 2407 non
1093 2349 1132 2407 ad
1158 2366 1246 2407 usum
1269 2368 1368 2426 super-

352 2438 444 2497 fluum
472 2458 567 2513 neque
596 2438 635 2496 ad
662 2439 796 2513 aliquem
826 2440 911 2513 quasi
939 2439 1068 2497 venandi
1091 2438 1292 2513 voluptatem,
1320 2438 1368 2497 sed

348 2528 424 2604 quia
455 2528 524 2586 inde
556 2528 711 2605 proourari
743 2529 843 2601 potnit
875 2527 1079 2604 indigentibus
1111 2545 1145 2586 ao
1178 2527 1265 2586 fessis
1304 2527 1368 2586 sub·
1412 2601 1413 2608 ἵ

352 2617 461 2677 sidium
484 2618 591 2692 vietus,
614 2619 649 2674 ut
672 2635 707 2674 ex
730 2616 767 2674 iis
792 2617 909 2691 aliquos
928 2617 1044 2675 Aeneas
1063 2616 1218 2674 ooaideret.
1256 2620 1369 2692 septem
1412 2617 1413 2622 ’

352 2726 422 2782 ergo
450 2706 578 2765 maiores
607 2706 728 2777 stravit,
760 2705 793 2762 in
821 2705 929 2780 quibus
958 2705 1117 2765 alimoniae
1145 2705 1243 2764 maior
1269 2710 1399 2781 possete

352 2812 414 2855 esse
429 2794 607 2870 substantia,
620 2794 731 2852 multos
746 2796 900 2869 praeterea
915 2795 1056 2869 parvulos
1070 2795 1231 2853 interemit.
1256 2795 1370 2854 interea

351 2884 505 2943 videamus
530 2883 780 2959 quemadmodum
803 2883 839 2940 de
862 2884 935 2957 ipsis
959 2884 1054 2941 oerris
1076 2884 1194 2942 loeutus
1213 2885 1254 2942 sit
1272 2887 1369 2959 poeta.

351 2973 579 3048 reprehenditur
611 2974 689 3032 enim
721 2972 948 3032 temerariorum
980 2991 1065 3046 voce,
1083 2972 1178 3047 'quod
1210 2972 1322 3032 dixerit
1353 2992 1370 3031 a

351 3065 435 3141 tergo
465 3064 642 3137 sequuntur:
679 3064 709 3120 et
736 3080 840 3119 revera
869 3060 978 3119 vitium
1002 3064 1061 3135 eet,
1088 3080 1148 3120 non
1170 3065 1292 3136 poetae,
1321 3062 1370 3121 sed

351 3152 478 3229 pessime
496 3152 769 3226 pronuntiantium..
798 3170 868 3208 nam
887 3152 942 3209 tris
961 3169 1063 3210 servos
1083 3150 1211 3209 errantis
1229 3153 1263 3208 in
1281 3152 1369 3211 litore
1381 3167 1402 3209 a

344 3241 552 3316 ‚sequebantur
575 3240 637 3313 alii,
661 3238 714 3305 alii
738 3259 756 3299 a
778 3243 864 3317 tergo
887 3258 942 3314 per
965 3240 1053 3300 vallis
1076 3240 1286 3314 pascebantur.
1319 3259 1371 3316 po·

351 3347 457 3388 namus
485 3330 547 3386 iam
574 3329 665 3387 verba
693 3321 761 3405 ipsa
789 3347 856 3387 oum
883 3328 1127 3404 pronuntiatione
1155 3347 1210 3387 sua
1238 3331 1269 3387 et
1292 3328 1370 3387 ordi·

470 3442 565 3450 -·-—-

424 3504 438 3551 1
458 3500 501 3552 ait
519 3515 581 3568 erpo
600 3513 654 3551 om.
673 3498 716 3551 ed.
789 3503 822 3551 10
841 3500 906 3566 post
925 3499 985 3553 telio
1004 3498 1132 3566 sequitur
1149 3516 1234 3568 usqua
1252 3499 1371 3553 nauibus

350 3568 653 3710 motoria.
666 3569 717 3693 a
886 3568 1228 3708 aeneae
1241 3570 1372 3695 otoo

235 3747 245 3764 i
352 3682 396 3768 ed:
452 3716 485 3766 20
504 3658 610 3783 pergeret
627 3711 671 3766 ad.
727 3657 861 3780 gom
879 3684 1003 3765 omsed..
1027 3759 1030 3764 ⁴
1050 3717 1084 3765 24
1102 3714 1139 3766 iia
1157 3711 1210 3764 LR
1226 3713 1272 3767 bis
1290 3713 1334 3766 ed

351 3788 386 3838 28
405 3784 605 3854 reprehendunt
619 3783 661 3837 ed.
679 3784 683 3852 1
699 3799 775 3838 voees
789 3782 832 3836 erl.
850 3786 854 3851 1
871 3782 944 3838 dixit
958 3783 1001 3836 ed.
1053 3789 1086 3836 32
1106 3800 1159 3838 suo
1172 3781 1224 3835 LR
1243 3786 1308 3852 ipen
1327 3784 1370 3838 ed.
