3250 4350
704 425 887 483 nunninus
905 427 944 482 Ν
1270 428 1338 494 371·

315 599 425 668 pean
450 612 557 670 opaea
592 598 762 671 aenaeam
789 597 880 656 Dido·
897 598 960 655 dna
985 601 1012 655 et
1041 597 1191 657 Troianos
1215 599 1337 657 mrtem

317 684 478 744 domasa.
523 688 612 746 adero
639 691 677 756 et,
705 691 757 745 tna
783 689 811 745 et
833 686 906 744 milet
929 687 1177 756 certa'aotantae,
1206 687 1328 746 omnmo
1338 695 1390 744 1²5

316 777 444 847 taenara
468 776 569 835 stabili
597 778 807 850 propriamque
838 775 952 833 dicabo·
993 775 1041 834 bic
1066 776 1245 850 manem
1268 777 1338 834 erit-.-

316 881 401 937 mex,
429 863 485 938 ait,
512 866 551 923 ut
573 865 625 923 lux
652 867 783 924 crastina
809 865 903 923 inerit
924 867 1040 939 exorta,
1064 863 1235 923 Aeneaset
1255 863 1336 923 Dido

288 976 302 1016 s
317 954 462 1011 venatum
478 953 524 1011 ire
542 953 711 1028 disponunt
747 956 855 1030 prima.
865 954 984 1013 occasio·
998 956 1039 1012 ut
1051 955 1089 1011 in
1101 972 1196 1012 mmm¹
1211 955 1337 1013 veniant

316 1041 414 1100 futuri
437 1041 485 1099 ad¹
498 1042 572 1101 loca.
586 1061 749 1118 nemorosa,
769 1062 846 1118 quae
864 1044 1016 1119 opacitate
1034 1043 1082 1102 sui
1100 1044 1233 1101 omnium
1253 1042 1339 1102 visus*

316 1130 485 1189 excludant.
531 1131 591 1205 his,
617 1132 729 1207 inquit,
751 1133 905 1190 inmittam
928 1131 1076 1208 pluviam,
1102 1151 1151 1206 ae,
1177 1151 1215 1191 ne
1238 1151 1338 1208 aquae

317 1221 512 1295 contemptim
534 1219 713 1294 habeantur,
745 1221 886 1280 misceam
918 1221 1096 1299 grandinem
1128 1224 1164 1280 et
1184 1221 1258 1280 baec
1286 1221 1336 1280 de·

316 1327 409 1384 super
430 1307 600 1383 infimdam,
624 1326 749 1384 cumque
773 1310 912 1370 avocabit
934 1312 1089 1371 universos
1111 1310 1236 1389 indago,
1258 1311 1336 1368 ninn-

274 1423 302 1462 10
315 1397 384 1457 bns·
398 1401 428 1456 ct
450 1398 566 1475 grando
586 1417 646 1456 non
664 1398 762 1457 sinent
780 1399 907 1459 adunam
925 1400 1075 1476 dispersos
1094 1403 1124 1459 et
1143 1399 1340 1476 adreginam·

315 1489 469 1545 matarius
492 1505 637 1562 remeare,
664 1486 735 1545 dum
763 1488 829 1547 alae
852 1489 1016 1564 trepidant,
1045 1489 1115 1548 dum
1144 1490 1339 1549 observantes

316 1575 362 1634 adv
378 1576 457 1635 retia
479 1576 585 1651 podem
608 1576 720 1635 ecferre
741 1595 802 1636 non
822 1581 956 1653 possunt,
973 1578 1099 1638 movebo
1119 1577 1336 1654 quoquetoni·

315 1668 400 1739 mua,
423 1667 470 1739 ut,
495 1683 562 1725 cum
584 1667 693 1724 terrori
715 1667 817 1725 omnia
838 1667 963 1741 fuerint,
990 1668 1023 1725 in
1045 1686 1139 1725 unam
1162 1668 1338 1743 speluncam

315 1754 375 1814 seli
402 1753 552 1830 fugientes
579 1755 682 1815 favore
709 1773 776 1814 meo
804 1759 914 1814 actuo
930 1800 1138 1814 ..........
1184 1759 1334 1816 ettamen

274 1868 300 1907 15
316 1843 411 1901 etiam
436 1845 507 1902 tuae
534 1845 701 1902 voluntatis
729 1862 888 1904 consensus
912 1844 1038 1919 accedit,
1062 1844 1189 1904 conubio
1211 1847 1334 1923 iungam

316 1935 410 2006 atque
428 1934 481 2008 ita,
500 1934 534 1990 ut
552 1936 697 2009 perpetuo
720 1933 906 1992 matrimonii
928 1934 1048 1993 vinculo
1071 1937 1238 1994 teneantur.
1273 1952 1335 1993 non

316 2021 476 2080 adversata
492 2025 604 2094 petenti
625 2023 730 2080 adunit
753 2028 839 2095 atone
861 2022 936 2082 dotis
953 2025 1023 2082 risit
1041 2022 1181 2098 anneo
1198 2025 1338 2097 repertis:

315 2128 386 2168 cum
407 2110 480 2169 haec
503 2108 578 2169 Iuno
602 2109 736 2186 dixisset,
764 2113 862 2171 noluit
884 2112 985 2172 Venus
1013 2111 1165 2172 adversari
1192 2113 1334 2189 petitioni

316 2218 352 2258 ac
375 2199 527 2259 voluntati
549 2202 613 2259 eins
635 2201 818 2277 perindeque
841 2204 992 2262 consensit
1017 2202 1117 2262 ridens
1145 2201 1334 2262 adversumne

275 2314 302 2352 ,ο
315 2288 402 2348 dolos
425 2289 646 2349 evidentissime
668 2290 810 2367 patuisse,
835 2310 912 2367 qnae
934 2295 976 2351 sic
998 2291 1170 2365 insistebat,
1193 2294 1228 2350 ut
1250 2290 1335 2350 fieret

315 2376 433 2453 aliquid
457 2378 538 2453 qaod
560 2381 638 2437 esset
656 2378 777 2439 Aeneae
793 2381 992 2456 Troianisque
1008 2382 1200 2455 contraitum,
1219 2381 1335 2439 scilicet

315 2470 358 2525 ut‘
382 2486 509 2543 regnum
536 2467 644 2526 Italiae
671 2467 799 2544 Libycas
833 2469 1002 2528 adverteret
1033 2488 1101 2527 oras
1133 2469 1189 2527 hoc
1221 2472 1268 2527 est
1294 2468 1333 2526 ad

314 2555 444 2630 Libycas
468 2574 535 2615 cres
558 2559 695 2616 verteret.
1187 2567 1190 2573 “

386 2644 533 2703 Oceanum
563 2648 675 2704 interea
706 2662 829 2720 serpens
855 2645 978 2704 Aarora
1008 2648 1137 2719 retinnit·
1178 2648 1202 2704 n
1226 2647 1387 2718 portts130

275 2735 420 2797 utebare
443 2738 538 2793 eaorto
561 2734 833 2802 determinantes,
856 2738 931 2793 retia
952 2753 1039 2805 rara,
1056 2736 1179 2809 plapao,
1203 2735 1262 2793 loto
1284 2753 1332 2794 oe-

313 2823 430 2881 nobnla
451 2825 531 2897 forro
549 2824 734 2897 Messalinae
755 2827 849 2882 rnnnt
870 2826 977 2896 anda
1000 2829 1026 2882 et
1043 2824 1134 2883 odora
1153 2841 1261 2883 cannen
1278 2826 1333 2884 ets.

313 2909 468 2987 [reptnarn
496 2914 623 2972 thalamo
650 2917 831 2971 caratantern
858 2913 898 2971 ad
925 2914 1029 2971 limina
1051 2915 1145 2987 prinei
1169 2913 1334 2971 Poenorum

315 3001 498 3077 reportans·
530 3007 582 3061 aut
605 3002 731 3061 Didonis
759 3000 899 3061 meritum
921 3002 981 3061 fuit
1003 3005 1056 3061 aut
1078 3002 1205 3061 dedecus
1227 3002 1334 3078 Tyrio-

313 3110 386 3150 rum
416 3094 451 3150 ut
483 3094 673 3166 expectarent
703 3090 838 3169 reginam
872 3092 1028 3150 constituti
1055 3094 1125 3149 ante
1151 3091 1231 3149 fores
1259 3093 1334 3166 eiua,

390 3248 404 3295 7
425 3260 513 3311 aanor
532 3242 553 3295 L
577 3260 645 3311 qaae
663 3242 689 3295 R
711 3261 785 3311 aqna
808 3262 822 3296 r
844 3260 900 3312 aaa
922 3242 979 3296 ΗΠ
998 3243 1040 3297 ed.
1064 3260 1153 3311 aqaae
1176 3241 1199 3295 0
1218 3260 1277 3297 noa.

313 3321 332 3370 8
350 3315 506 3368 habeantur
523 3313 576 3365 th
594 3314 637 3366 cd.
658 3332 751 3369 -anonr
769 3314 812 3368 ed.
827 3316 900 3383 post.
922 3317 925 3385 l
950 3316 1063 3369 miscebo
1082 3314 1125 3367 ed.
1147 3315 1151 3383 1
1176 3321 1201 3367 et
1219 3331 1272 3367 om.
1287 3314 1330 3367 ed.

372 3389 406 3438 10
425 3387 551 3439 adunare
569 3384 621 3437 La
640 3388 679 3440 ·rr‘
696 3402 747 3440 noe
766 3387 908 3440 conventre
926 3385 969 3438 ed.
1071 3391 1103 3437 12
1123 3384 1222 3450 ecferre
1240 3384 1266 3436 R
1283 3402 1333 3439 nec

310 3459 389 3526 ferre
407 3455 428 3508 L
447 3456 547 3522 referre
566 3456 608 3509 ed.
640 3457 644 3527 l
677 3460 784 3512 monebo
802 3456 855 3509 LR
872 3473 936 3510 noa
954 3474 988 3509 m.
1008 3456 1051 3510 ed.
1130 3460 1163 3509 13
1181 3456 1283 3522 ferrari
1300 3455 1331 3508 L.

371 3533 406 3580 14
425 3534 473 3581 tao
491 3526 543 3579 LR
562 3534 581 3580 t.
596 3529 743 3583 deveniant
760 3528 817 3582 ed:
830 3527 969 3581 -lacunam
986 3526 1119 3594 indicavi,
1134 3542 1207 3593 quae
1226 3526 1267 3580 sic
1286 3542 1332 3579 ex·

310 3597 422 3671 plenda
441 3600 492 3664 est,
510 3601 544 3651 ut
557 3599 645 3653 etiam
659 3604 749 3653 tanen
763 3598 839 3667 quod
855 3598 983 3665 sequitur
995 3597 1101 3651 habeat
1115 3614 1171 3666 quo
1185 3597 1333 3664 referatur,

309 3674 437 3725 fortasse
451 3687 570 3725 amnem
583 3670 715 3739 inpleant.
771 3676 805 3723 22
825 3670 974 3724 adverteret
987 3668 1039 3721 LR
1053 3669 1233 3722 confirmatur
1246 3669 1332 3722 inter·-

307 3741 485 3815 pretatione.
548 3747 582 3793 26
601 3742 769 3810 rnaaeitta'qne
787 3740 846 3795 LR.
906 3746 940 3794 27
959 3742 1083 3811 rapinam
1094 3772 1127 3780 -
1138 3745 1178 3794 28v
1190 3746 1335 3809 expectant

308 3815 396 3871 deest
414 3812 445 3865 in
463 3812 527 3879 LR,
547 3813 596 3867 sed
616 3812 779 3881 explicatur.
