3250 4350
351 429 419 495 246
632 428 773 485 bonnm
789 428 961 495 massa,
978 427 1086 484 VERG.

350 598 482 659 bominis
513 600 544 658 et
575 600 659 659 oauti
689 599 824 658 animum
855 600 1009 674 expressit
1058 598 1110 657 ubi
1142 600 1226 658 enim
1255 598 1370 659 animus

350 705 462 766 magno
493 688 587 748 fuerit
615 691 730 747 terrore
761 686 916 761 uenturus,
946 688 1124 763 plerumque
1151 706 1226 748 vera
1253 690 1288 747 et
1313 689 1369 747 eri-

352 776 456 836 dentia
481 795 543 836 non
568 778 661 837 sentit
689 779 720 835 et
741 776 820 835 falsa
841 795 897 852 pro
916 777 999 839 ‚voris
1021 776 1164 836 admittit
1211 775 1299 837 risus
1320 778 1370 852 eet

349 866 460 942 inquit,
482 865 586 926 adesse
607 865 720 943 pedum
742 866 871 925 sonitusr
900 884 962 925 non
984 865 1061 925 dixit
1083 864 1187 924 audivi
1212 866 1370 943 strepitum

349 955 498 1015 venientis
516 955 658 1029 alieuius3
679 949 765 1033 †boo
781 956 871 1030 enim,
889 954 962 1014 lieet
978 953 1201 1028 miseribetur
1218 972 1369 1015 ooonrrere
1387 972 1395 1014 ι

351 1042 433 1120 qnod
455 1043 606 1120 quispiam
626 1044 723 1103 fimet
763 1043 884 1118 iamque
905 1043 1148 1120 propinquabam
1168 1045 1286 1119 portist
1308 1045 1369 1120 ipso

351 1135 474 1209 exponit
501 1132 574 1209 quid
601 1135 642 1192 sit
669 1133 792 1208 iamque
822 1131 1064 1210 propinquabam
1094 1133 1207 1209 portis,
1238 1133 1299 1193 boo
1329 1133 1370 1192 est

351 1221 432 1281 eninr
454 1240 632 1298 omnemque
653 1220 779 1281 uidebar
799 1222 930 1281 erasisse
951 1220 1043 1297 viam,
1060 1220 1161 1282 subito
1179 1240 1250 1281 oum
1272 1221 1370 1283 oreber

351 1311 494 1371 adamis
516 1312 599 1371 uisus
622 1310 724 1370 adesse
745 1308 857 1386 pedum
880 1311 1004 1371 sonitum.
1048 1312 1220 1385 pmitorw
1232 1328 1294 1386 per
1310 1330 1369 1370 uer·

350 1401 436 1460 bun
457 1401 651 1474 mortim,
677 1403 756 1468 m,
783 1400 934 1478 mmet
960 1401 1039 1475 seue»
1060 1403 1138 1469 „aa
1154 1402 1396 1476 mmmmm

350 1489 482 1548 mdeste
514 1489 1136 1563 aparauuoaaamnaooaao:
1171 1491 1368 1549 aoontrario

350 1577 428 1636 dixit
454 1584 555 1637 senem
582 1576 699 1654 aliquid
724 1576 836 1637 uidisse
859 1596 913 1654 per
934 1576 1087 1655 tenebras,
1109 1596 1178 1639 oum
1202 1578 1299 1637 etiam
1320 1594 1368 1654 per

350 1665 429 1725 diem
455 1665 559 1726 tardos
585 1683 708 1742 prorsus
735 1667 789 1725 ant
815 1683 909 1742 prope
936 1666 1035 1727 nullos
1062 1666 1171 1726 habore
1199 1668 1301 1742 possit
1322 1665 1367 1727 ob

348 1758 447 1831 tutus3
471 1755 524 1815 sed
545 1754 622 1814 dixit
639 1753 767 1831 speeiem
786 1773 864 1830 quae
881 1754 978 1834 magis
995 1774 1051 1831 per
1066 1754 1207 1815 tenebras
1224 1755 1367 1815 facillime

348 1844 502 1904 videatur:
525 1844 657 1904 ardentis
680 1843 792 1919 clipeos
815 1846 906 1920 atque
929 1863 1000 1903 aera
1021 1844 1167 1905 mirantis
1194 1861 1296 1904 uerno.
1340 1845 1394 1905 stu

349 1932 474 1992 Aenean
497 1932 642 2010 pavidum
664 1935 694 1992 et
716 1930 875 1992 Anobisen·
889 1935 1073 1992 metuentem
1095 1932 1252 2008 expres'sit
1291 1930 1367 2010 quod

352 2025 450 2081 autem
474 2023 520 2081 ait
541 2023 753 2098 propinquant,
776 2020 854 2080 illud
876 2022 973 2081 voluit
991 2020 1146 2080 ostendere
1164 2020 1247 2098 quod
1265 2039 1367 2082 revera

351 2111 550 2170 oertissimum
573 2114 631 2186 est3
655 2109 751 2170 omnis
774 2111 855 2169 enim
877 2110 998 2169 flamma
1015 2129 1070 2186 per
1086 2109 1227 2170 tenebras
1244 2113 1367 2189 propior

350 2200 470 2260 videtur
498 2220 589 2275 quam
617 2204 674 2275 est,
703 2200 828 2260 aooessit
854 2203 885 2258 et
910 2202 1008 2259 metus
1036 2203 1066 2260 et
1089 2201 1161 2259 feeit
1184 2202 1365 2279 angustioris

350 2291 552 2366 proximitatis
572 2291 819 2350 aestimationem
848 2292 926 2347 certe
941 2308 1032 2365 quam
1045 2290 1168 2365 pulchre
1181 2290 1285 2365 ipsum
1299 2291 1395 2349 feoita

350 2380 468 2457 longius
496 2379 597 2437 videre
625 2378 704 2455 quod
732 2379 867 2439 consulto
895 2379 988 2437 uitari
1010 2378 1173 2452 debuisset3
1206 2380 1268 2439 fuit
1292 2381 1366 2438 enim

350 2468 382 2527 in
405 2486 519 2527 summo
543 2468 729 2544 liberumque
753 2469 781 2524 ei
803 2468 863 2525 fuit
885 2486 946 2526 non
968 2467 1127 2525 vadentem
1151 2467 1281 2543 pedibus
1309 2468 1366 2527 suis

298 2562 419 2634 'lesquo
448 2557 540 2616 vellet
566 2556 668 2615 oculos
695 2561 835 2632 torquere
863 2559 893 2615 et
920 2556 1047 2615 flectere.
1092 2558 1139 2616 bio
1169 2559 1245 2617 mibi
1274 2560 1366 2617 naso

351 2647 428 2719 qaod
446 2647 556 2719 trepido
574 2646 651 2704 male
669 2663 777 2704 uomere
795 2648 923 2704 amicam
942 2648 1095 2719 confusam
1111 2647 1221 2719 orbarat
1232 2652 1367 2706 mentem.-

350 2735 429 2793 male
453 2736 582 2793 amioum
604 2753 716 2792 numen
737 2735 893 2792 inimicum
915 2734 1005 2793 multi
1028 2736 1188 2810 ascipiunt.
1234 2754 1290 2795 nos
1317 2752 1396 2811 pus

350 2827 449 2883 tamus
482 2824 559 2882 male
592 2825 722 2882 amioum
759 2841 821 2882 osse
858 2823 938 2899 quod
974 2842 1034 2881 uno
1071 2826 1206 2899 tempore
1243 2824 1366 2883 adversa

351 2913 500 2989 prosperis
518 2914 632 2987 miscet,
652 2914 687 2971 ut
703 2914 736 2969 in
754 2913 907 2987 praesenti
924 2913 1038 2971 factum
1057 2915 1115 2972 est:
1138 2913 1218 2972 male
1239 2914 1367 2981 amioum

351 3003 453 3059 extitit
474 3002 558 3059 iuxta
577 3001 709 3074 Aenean,
728 3001 800 3077 quia
822 3001 1002 3061 facilitatem
1024 3001 1164 3077 praebuit
1188 3003 1318 3061 exeundi
1339 3004 1367 3060 et

349 3090 462 3149 invidit
483 3109 612 3149 uxorem.
653 3092 781 3148 amioum
803 3090 899 3169 igitur
921 3090 980 3149 dici
1002 3109 1063 3149 non
1084 3092 1194 3166 potuit
1214 3093 1287 3166 quia
1310 3110 1366 3151 non

351 3178 483 3238 servavit
506 3181 672 3254 universos
700 3181 857 3238 inimicum
880 3180 940 3238 <liei
962 3199 1022 3238 non
1044 3180 1159 3254 potuit,
1186 3181 1261 3256 qnia
1284 3198 1397 3257 prae-s

349 3268 430 3327 stitit
447 3265 629 3328 beneficium.
662 3269 776 3327 dictum
795 3288 865 3346 ergo
884 3270 1004 3345 proprie
1017 3268 1095 3326 male
1110 3268 1250 3346 amioum,
1265 3272 1366 3346 utpote

423 3462 437 3510 1
457 3457 533 3526 capti
551 3456 575 3509 R
594 3456 671 3511 couti
687 3473 702 3509 r
716 3482 750 3501 =
765 3456 794 3509 L.
882 3462 898 3508 3
917 3455 1155 3511 anastasiae
1173 3474 1195 3511 r.
1287 3464 1303 3511 5
1321 3458 1366 3511 hoc

347 3530 422 3582 enim
446 3529 508 3582 lieet
529 3529 601 3594 falso
619 3527 672 3581 LR
691 3530 853 3596 corruptum
872 3529 950 3595 puto,
969 3525 1089 3581 fortasse
1111 3528 1161 3582 boo
1178 3531 1253 3583 enim
1271 3530 1366 3583 diceret

348 3601 431 3667 fuleo,
449 3600 525 3654 diat.
581 3603 613 3651 19
633 3600 804 3669 aopostioree
818 3598 871 3651 LR
885 3600 936 3653 -rr'e
953 3614 1005 3651 nos
1019 3615 1088 3652 -rem
1105 3598 1176 3652 red.
1234 3607 1268 3654 20
1288 3616 1365 3670 quum

350 3669 402 3724 LR
420 3687 490 3738 qaae
509 3669 552 3724 ed.
622 3675 655 3722 22
674 3670 818 3725 uadentem
836 3669 889 3722 La
906 3668 949 3723 ed.
968 3669 1099 3723 audenti?
1164 3676 1199 3725 25
1218 3672 1301 3726 multi
1317 3670 1365 3724 LR

347 3758 452 3796 aomar
465 3742 508 3797 ed.
527 3744 530 3810 Ι
546 3757 595 3795 aas
608 3741 635 3794 R
648 3742 679 3795 id
693 3741 724 3808 L,
739 3741 787 3794 sed
802 3740 926 3795 secunda
939 3757 1026 3794 manu
1044 3740 1165 3796 evanida
1183 3743 1287 3811 prima,
1301 3742 1365 3797 item

348 3811 393 3866 ed.
455 3817 489 3866 29
507 3810 610 3867 invidit
628 3812 681 3865 LR
698 3812 844 3867 aanoldis
863 3811 906 3866 ed.
967 3817 1000 3866 31
1020 3818 1115 3881 utpute
1134 3812 1187 3866 LR
1205 3821 1308 3883 utputa
1325 3812 1365 3867 ed.
