3250 4350
349 395 389 460 16
625 392 764 448 DONATI
782 393 952 449 INTERPR.
972 392 1081 449 VERG.

347 565 426 623 enim
454 581 514 621 non
542 562 727 639 accenditur,
754 565 815 623 nisi
842 583 876 622 ex
902 563 1094 623 nutrimentis
1117 562 1257 622 habuerit
1281 563 1364 622 adiu·

347 648 488 711 mentum.
539 653 647 728 incipit
673 670 751 711 nunc
778 670 901 710 narrare
928 651 1045 712 labores
1073 652 1192 711 Aeneae
1221 653 1252 710 et
1279 670 1365 712 casus

346 742 476 800 referens
505 761 564 800 non
591 742 703 817 prima,
730 745 766 800 ut
792 743 825 799 in
853 742 984 800 themate
1013 742 1216 818 exposuimus,
1245 740 1300 801 sed
1323 759 1366 800 se-

348 832 477 907 quentia.
524 830 680 890 constabat
707 833 786 888 enim
813 831 880 906 ipso
908 833 1042 905 tempore
1070 849 1129 906 quo
1152 832 1186 888 in
1209 829 1367 906 Tyrrheno

347 922 423 979 mari
450 919 614 998 navigabat
637 920 753 979 Aeneas
781 939 894 978 annum
921 922 1083 995 septimum
1108 937 1226 978 currere
1254 919 1294 979 ab
1319 939 1367 978 ex·
1392 940 1403 980 s

347 1008 424 1068 cidio
443 1010 558 1069 Troiae.
598 1009 725 1083 denique
748 1009 812 1084 ipse
835 1012 925 1083 poeta
948 1010 991 1067 sic
1013 1009 1123 1084 posuit,
1142 1010 1177 1066 ut
1194 1008 1369 1068 ostenderet

347 1098 442 1157 multa
465 1098 668 1174 praecessisse,
688 1117 763 1172 qnae
786 1116 847 1155 non
865 1098 1131 1172 praetermittentis
1150 1099 1251 1157 animo
1270 1098 1368 1173 siluit,

347 1187 398 1247 sed
420 1188 536 1247 ratione
560 1187 691 1246 ordinati
714 1188 871 1261 carminis,
895 1188 1028 1246 servavit
1050 1189 1130 1245 enim
1152 1187 1226 1245 haec
1250 1186 1290 1245 ad
1313 1186 1368 1244 Di-

295 1281 329 1329 30
348 1276 432 1336 donis
460 1277 639 1336 convivium.
692 1277 814 1334 iactatos
847 1292 969 1347 aequore
1001 1279 1056 1333 toto
1086 1275 1194 1345 Troos,
1221 1277 1368 1349 reliquias

347 1367 491 1425 Daemon
519 1369 604 1438 cique
631 1366 742 1424 iicmilis
765 1363 883 1432 Achilli,
908 1366 1025 1423 arcebat
1051 1366 1132 1438 lorice
1153 1364 1259 1423 Latio:
1290 1365 1368 1424 haec
1382 1386 1406 1426 ro

348 1456 448 1512 omnia
481 1454 519 1512 ad
550 1453 772 1530 exprimendam
806 1453 929 1512 Iunonis
961 1454 1153 1529 iniquitatem
1183 1455 1298 1529 posuit,
1333 1457 1368 1512 ut

347 1542 472 1601 satiaret
491 1542 626 1601 odiorum
645 1561 736 1601 unam
755 1544 785 1600 et
803 1543 900 1600 solam
918 1543 1009 1602 fuisse
1026 1541 1216 1620 Carthaginis
1234 1561 1366 1616 oausam,

349 1651 408 1707 qua
435 1633 589 1710 exagitata
616 1651 668 1691 nee
697 1631 831 1690 misereri
858 1631 1012 1690 sinebatur
1034 1650 1087 1690 nec
1110 1631 1244 1691 deserere
1267 1634 1366 1691 inten-

348 1724 460 1780 tionem
484 1740 581 1780 suam:
606 1739 683 1796 quae
707 1722 849 1796 quoniam
869 1723 995 1779 noverat
1014 1721 1179 1796 expugnari
1198 1739 1229 1780 se
1247 1722 1366 1780 ratione

348 1811 480 1868 fatorum
503 1828 557 1868 neo
580 1828 667 1885 posse
691 1810 836 1884 obtinere,
860 1810 999 1886 cupiebat
1021 1810 1129 1870 saltem
1152 1809 1190 1868 ab
1213 1810 1252 1869 iis
1274 1811 1365 1870 terris
1381 1831 1405 1871 rs

348 1917 397 1957 eos
424 1899 512 1977 longe
542 1899 701 1957 admodum
729 1917 866 1974 separare
890 1899 997 1974 quibus
1020 1919 1074 1976 per
1096 1901 1231 1974 posteros
1255 1898 1365 1958 Roma·

347 2008 420 2045 num
447 1988 612 2046 debebatur
639 1988 804 2063 imperium.
861 1991 951 2062 atque
984 1992 1018 2047 ut
1050 1988 1139 2047 simul
1170 1988 1367 2062 iniquitatem

348 2076 470 2135 Iunonis
499 2096 533 2136 ae
561 2077 718 2136 saevitiam
746 2077 976 2151 demonstraret,
1005 2079 1048 2136 ait
1079 2078 1207 2136 iactatos
1236 2095 1366 2151 aequore

347 2168 412 2226 toto
436 2166 542 2240 Troas,
569 2167 711 2242 reliquias
735 2166 874 2225 Danaum
902 2169 992 2242 atque
1020 2166 1134 2225 inmitis
1162 2164 1289 2240 Achilli,
1319 2186 1367 2225 ar-

349 2255 434 2314 cebat
451 2256 540 2332 longe
559 2255 655 2314 Latio.
692 2259 818 2315 noverat
836 2255 914 2314 enim
934 2259 1038 2314 contra
1061 2257 1209 2314 rationem
1231 2254 1366 2314 fatorum
1380 2276 1405 2316 ro

348 2362 410 2404 sese
430 2348 557 2419 certare,
586 2364 645 2420 qua
674 2363 764 2404 causa
790 2344 838 2403 vel
866 2345 1033 2420 propellere
1056 2343 1196 2420 cupiebat
1219 2344 1366 2404 Troianos

349 2454 366 2493 a
393 2436 482 2493 terris
509 2433 631 2509 Italiae,
665 2452 738 2509 quos
767 2434 804 2491 ad
833 2433 955 2509 plenum
983 2452 1123 2509 superare
1150 2452 1210 2491 non
1236 2435 1366 2509 poterat.

348 2523 416 2581 inde
439 2524 553 2582 factum
577 2526 622 2582 est
646 2525 680 2581 ut
703 2542 756 2582 nee
775 2525 968 2581 miseratione
986 2525 1164 2596 moveretur,
1182 2524 1217 2579 ut
1235 2523 1367 2582 iactatos

347 2615 411 2670 toto
440 2615 516 2671 mari
545 2615 575 2671 et
601 2631 650 2671 eos
674 2611 726 2687 qui
749 2631 784 2670 ex
807 2611 925 2669 infinito
949 2631 1071 2670 numero
1095 2610 1133 2670 ad
1156 2628 1268 2687 paucos
1291 2612 1366 2671 fuis-

348 2703 415 2759 sent
442 2701 556 2759 redacti
585 2719 717 2776 quosque
746 2720 761 2759 e
788 2701 926 2759 manibus
959 2701 1199 2760 saevissimorum
1230 2700 1367 2759 bostium
1380 2721 1405 2761 es

349 2791 470 2848 fortuna
507 2792 679 2848 servaverat
714 2788 830 2849 insidiis
868 2808 927 2847 non
965 2789 1168 2848 deficientibus
1206 2788 1365 2849 obtereret.

349 2877 429 2954 quod
456 2881 557 2936 autem
584 2878 685 2953 posuit
712 2879 855 2953 reliquias
878 2878 1030 2952 Danaum,
1056 2878 1232 2954 exprimitur
1262 2878 1366 2938 crude-

348 2968 419 3025 litas
447 2967 598 3040 inimicae,
628 2986 703 3041 quae
729 2970 777 3026 tot
804 2967 938 3025 cladibus
967 2968 1073 3027 satiari
1101 2986 1160 3026 non
1193 2968 1306 3042 potuit,
1336 2971 1367 3027 et
1389 3007 1393 3019 ,ν

349 3056 519 3131 adquiritur
541 3056 660 3114 Aeneae
682 3057 748 3115 laus
770 3058 911 3130 maxima,
936 3056 1015 3132 quod
1038 3057 1074 3115 de
1096 3056 1232 3131 reliquiis
1257 3055 1366 3115 Troiae

316 3135 321 3146 ¹
348 3145 516 3204 Romanum
554 3146 702 3220 quaesivit
737 3145 909 3221 imperium,
950 3146 1132 3221 perindeque
1168 3147 1258 3220 poeta
1296 3162 1367 3203 con·
1381 3167 1406 3206 ao

421 3356 489 3404 lea
507 3352 642 3405 mimantis
660 3350 692 3404 R.
793 3357 904 3405 2auac
921 3350 974 3403 LR
994 3367 1055 3404 cero
1075 3349 1117 3402 ed.
1227 3351 1367 3405 saraiae

350 3438 402 3475 om.
424 3422 466 3475 ed.
541 3423 699 3476 Sordiaati
717 3422 770 3475 LR
788 3424 923 3477 observati
941 3422 984 3475 ed.
1010 3423 1014 3493 l
1039 3422 1157 3475 servabit
1176 3421 1235 3474 LR.
1262 3423 1266 3491 Ι
1291 3423 1366 3475 caim

349 3510 402 3547 om.
423 3494 466 3547 ed.
542 3500 574 3546 13
593 3511 663 3562 quac
681 3493 733 3546 LR
752 3494 794 3546 ed.
819 3511 875 3562 quo
898 3510 958 3546 nos.
994 3493 997 3561 t
1031 3493 1155 3546 miserere
1177 3491 1230 3545 LR
1254 3493 1365 3546 comL

349 3564 410 3633 ipse
424 3583 445 3619 r.
464 3570 466 3631 ξ
483 3564 685 3621 sinebaturLR
698 3564 805 3619 sinebat
820 3565 862 3618 ed.
915 3571 948 3617 15
962 3563 1211 3631 cupiattomcaed.
1266 3569 1299 3617 16
1315 3566 1366 3617 ccl-

348 3638 459 3691 modum
476 3653 604 3704 separare
617 3635 670 3689 La
683 3652 774 3689 arcere
788 3636 831 3690 ed.
889 3640 921 3690 18
941 3653 973 3690 ae
991 3636 1133 3689 soevitiam
1149 3634 1174 3687 R
1192 3652 1239 3688 es.
1255 3634 1276 3687 L
1296 3652 1330 3689 ac
1342 3653 1364 3688 s.

345 3725 363 3759 r
379 3714 405 3761 et
416 3724 437 3761 s,
460 3708 501 3760 ed.
559 3714 590 3761 21
613 3708 654 3763 cel
672 3723 724 3761 om.
742 3706 785 3761 ed.
842 3712 875 3761 28
894 3708 1059 3762 inimicitiae
1077 3705 1120 3759 ed.
1137 3708 1197 3775 [tot
1215 3723 1268 3759 om.
1283 3706 1327 3759 ed,

330 3780 560 3850 aequaretur
578 3782 678 3852 supra)
697 3779 753 3835 ΒΕ
774 3780 840 3835 -ioit
858 3798 880 3835 r.
896 3780 904 3853 l
918 3780 1035 3850 perinde
1054 3794 1124 3847 quoe
1137 3776 1195 3827 uu
1214 3793 1284 3829 eorr.
1297 3794 1323 3826 r.
