3250 4350
345 417 389 481 94
587 424 590 430 '
623 416 764 471 DONATI
781 416 951 470 INTERPR.
971 415 1079 470 VERG.

345 586 491 646 confidere
514 585 628 646 rebus“.
670 605 706 644 en
729 585 879 644 Priamus:
903 604 963 643 non
986 588 1106 644 tantum
1128 586 1359 644 demonstrantis

346 678 511 734 astrorum
530 675 621 734 etiam
639 675 780 747 dolentis3
804 678 906 750 potest
924 676 1003 732 enim
1021 676 1063 732 sio
1083 674 1203 733 adverti
1222 678 1364 751 positum,

277 834 279 838 ,
345 767 380 823 ut
402 764 540 822 videatur
562 764 671 823 dixisse
694 783 760 823 eoee
784 763 939 838 adquam
963 764 1172 821 infelicitatem
1201 765 1360 838 perductus

346 857 391 912 est
413 853 558 913 Priamus.
605 855 704 928 eoepit
730 855 797 910 iant
819 852 935 913 dolores
964 871 1032 912 suos
1060 871 1206 927 exponere
1230 873 1306 928 qnos
1329 873 1360 910 ex

344 961 471 1018 persona
493 941 695 1018 potentissimi
712 943 800 1019 regis,
820 943 898 1000 senis
917 960 1035 1016 quoque
1055 944 1085 999 et
1104 943 1198 1000 soceri
1217 943 1359 1017 capiebat.
1382 959 1389 999 i

345 1035 416 1090 sunt
441 1033 491 1091 bie
519 1033 610 1090 etiam
638 1050 692 1090 sua
719 1032 854 1106 praemia
882 1030 978 1099 laudi,
1006 1033 1076 1089 sunt
1099 1023 1241 1089 laerimae
1265 1051 1361 1090 rernm

345 1123 376 1178 et
398 1122 465 1195 ipsa
488 1121 653 1196 propositio
678 1123 735 1191 est3
767 1139 838 1177 nam
862 1120 1032 1194 specialiter
1054 1120 1188 1178 dicturus
1213 1124 1259 1180 est
1288 1140 1360 1195 quae

345 1207 496 1269 laudanda
528 1210 576 1267 vel
610 1228 686 1284 quae
719 1208 846 1267 dolenda
878 1210 947 1266 sint.
998 1212 1028 1266 et
1059 1212 1189 1267 mentem
1221 1210 1362 1268 mortalia

344 1301 487 1376 tangunt:
511 1298 645 1358 absolute
669 1300 801 1373 positum
823 1300 868 1356 est
886 1292 1052 1374 trisagiae
1069 1298 1243 1357 intellectus
1262 1302 1361 1357 tamen

345 1388 397 1445 ille
421 1390 478 1446 est:
505 1387 678 1445 mortalium
701 1389 831 1445 mentem
854 1389 984 1464 tangrmt
1007 1403 1213 1462 quaecumque
1237 1389 1362 1447 adversa
1375 1408 1394 1447 a

344 1476 520 1535 mortalibus
545 1476 713 1536 acciderint.
760 1476 865 1535 deinde
888 1477 1024 1550 sequitur
1046 1476 1127 1534 solve
1150 1480 1264 1550 metus,
1286 1478 1362 1535 foret

344 1566 418 1623 haee
441 1565 574 1640 aliquam
597 1564 654 1623 tibi
676 1565 757 1623 fama
780 1564 916 1623 salutem.
952 1567 1053 1639 potuit
1072 1566 1151 1622 enim
1170 1585 1206 1622 ex
1224 1585 1260 1625 eo
1279 1567 1362 1624 nasei

345 1653 471 1714 Didonis
499 1655 547 1714 vel
575 1655 741 1712 inoolarum
767 1653 929 1713 miseratio.
975 1657 1017 1712 sie
1045 1657 1088 1712 ait
1114 1657 1201 1726 atque
1228 1658 1362 1713 animan

291 1746 469 1816 465pietnra
491 1746 590 1815 pascit
616 1746 702 1802 inani
728 1745 822 1801 natta
846 1760 963 1816 periens
990 1743 1127 1816 turpeque
1154 1748 1280 1801 ameetat
1306 1747 1361 1816 tta·

343 1835 420 1891 atine
451 1834 577 1891 enitare:
614 1834 748 1890 animum
779 1834 898 1908 pictura
929 1833 1026 1907 paseit
1054 1834 1084 1889 et
1110 1833 1207 1890 multa
1240 1852 1361 1910 gemens
1375 1853 1395 1892 a

344 1922 509 1996 propositio
538 1925 595 1996 est3
627 1924 796 1980 monstrant
820 1921 899 1978 enim
923 1940 998 1995 quae
1021 1920 1053 1979 in
1076 1921 1130 1978 illa
1153 1923 1273 1996 pictura
1299 1924 1361 1981 eius

344 2011 477 2068 animum
513 2010 680 2083 reficerent,
723 2029 798 2084 quae
836 2009 1030 2068 acerbitatem
1066 2009 1178 2068 doloris
1216 2012 1360 2083 excirent3

343 2102 504 2176 utrumque
532 2102 632 2158 tamen
660 2099 875 2157 considerantis
904 2100 1037 2156 animum
1060 2099 1188 2156 ducebat
1211 2100 1250 2157 ad
1273 2101 1362 2158 lacri-

343 2208 416 2262 mas,
433 2209 492 2265 quo
512 2191 624 2248 factum
643 2191 740 2248 estut
759 2188 907 2247 diceretur
925 2189 1068 2266 largoque
1087 2191 1220 2247 umectat
1238 2189 1361 2248 flumine

343 2279 468 2337 vultum.
505 2280 622 2337 doletur
645 2279 722 2337 enim
748 2278 924 2352 quodlicet
943 2278 1060 2354 egregie
1079 2278 1193 2335 factum
1211 2278 1360 2349 videatur,
1374 2300 1396 2338 ro

343 2369 466 2441 perierit
493 2371 607 2441 tamen,
640 2368 757 2425 doletur
790 2367 881 2424 etiam
913 2366 991 2440 quod
1019 2369 1164 2441 processit
1192 2367 1358 2426 adversum.

342 2457 450 2532 incipit
472 2459 534 2515 iam
557 2457 733 2531 respondere
757 2455 1011 2530 propositionibus
1035 2455 1252 2531 superioribus:
1275 2476 1360 2515 nam-

343 2564 396 2618 qae
428 2547 544 2604 uidebat
573 2548 617 2602 nti
649 2547 785 2603 bellantes
818 2545 962 2617 Perperna
999 2547 1107 2603 eirenen
1139 2547 1194 2602 bae
1226 2548 1361 2619 saperent

344 2635 433 2701 Grai,
461 2639 605 2708 premeret
634 2636 766 2693 Troiana
793 2636 942 2691 inventas:
978 2635 1032 2692 bae
1059 2635 1205 2707 PbrppeS,
1236 2637 1361 2694 instaret

343 2742 433 2781 carra
461 2726 596 2781 aristatas
622 2722 758 2781 Aebiites
805 2741 883 2795 eece,
912 2724 1001 2780 sieuti
1028 2725 1198 2798 proposuit,
1227 2726 1360 2783 ostendit
1374 2746 1397 2784 25

342 2813 453 2870 bellurn
486 2831 548 2871 esse
582 2813 661 2886 quod
693 2812 771 2869 inter
803 2813 947 2886 plurimos
981 2811 1106 2889 geritur3
1144 2813 1235 2869 simul
1266 2815 1359 2872 etiam

415 3025 428 3070 1
449 3018 593 3084 eoretideret
611 3017 663 3069 LR
681 3033 749 3070 corr.
770 3016 812 3069 ed.
870 3022 884 3067 2
902 3017 1023 3084 positam
1042 3032 1095 3068 om.
1111 3015 1154 3068 ed.
1214 3024 1230 3071 5
1250 3025 1274 3071 et
1294 3037 1358 3087 qao-

343 3106 392 3156 que
411 3090 454 3142 ed.
528 3094 543 3141 9
564 3089 654 3158 tanpit
673 3090 701 3141 et
720 3088 749 3140 in
768 3087 901 3141 lemmate
920 3090 949 3140 et
967 3087 996 3139 in
1015 3087 1250 3155 interpretatione
1269 3090 1331 3143 LR.
1353 3099 1354 3102 ’

342 3161 462 3214 <resonae
477 3162 598 3228 positura
617 3166 654 3212 est
673 3161 763 3229 tanpit
781 3159 842 3225 LR,
862 3158 910 3211 sed
931 3165 1042 3212 rnerrtem
1061 3161 1089 3211 et
1108 3160 1238 3214 mortalia
1256 3164 1289 3213 ut
1309 3163 1357 3214 ab·

342 3230 432 3284 solute
451 3231 545 3299 posita
565 3230 749 3298 explicantur,
768 3247 824 3283 non
844 3235 970 3299 tanpnnt,
990 3246 1076 3297 quare
1091 3230 1253 3298 corruptela
1266 3234 1356 3285 mani-

341 3303 414 3355 festa
442 3305 498 3369 est,
532 3302 580 3355 sed
613 3318 722 3355 erucem
756 3317 897 3370 apponere
924 3300 1013 3353 malui
1041 3317 1126 3367 quam
1154 3303 1303 3372 corrigere.

344 3381 375 3427 15
395 3377 563 3428 anirnnrn—
572 3390 679 3443 periens
693 3390 746 3425 om.
758 3373 801 3426 ed.
858 3378 891 3424 16
910 3377 948 3426 est
966 3388 1019 3425 om.
1031 3372 1073 3425 ed.
1091 3375 1094 3438 Ι
1112 3380 1266 3428 ramestrant
1284 3377 1356 3429 enim

341 3446 392 3497 th
411 3447 483 3499 eninr
502 3451 635 3499 nrorrstrat
654 3444 696 3498 ed.
755 3451 786 3496 17
806 3444 945 3509 reficerent
957 3443 1012 3495 LR
1026 3443 1069 3496 ed.
1088 3445 1249 3509 refecerint?
1266 3451 1269 3512 1
1287 3463 1357 3514 qnae

341 3518 393 3568 Lit
412 3534 511 3585 qnaeoe
529 3517 572 3569 ed.
595 3520 597 3581 t
623 3517 791 3570 aeersitatern
810 3515 861 3566 LR
880 3516 1051 3568 acerbitatem
1071 3515 1112 3566 ed.
1135 3518 1139 3584 Ι
1164 3517 1286 3570 excirent
1304 3517 1356 3570 LR

341 3590 491 3642 recitarent
509 3588 552 3642 ed.
572 3590 722 3642 excierint?
833 3593 864 3639 19
884 3587 1029 3656 turpesque
1048 3589 1143 3654 (supra
1161 3589 1249 3657 reete)
1268 3588 1302 3643 a.

330 3664 368 3707 20
385 3661 497 3714 doletur·
512 3659 568 3713 LR
586 3660 660 3715 dolet
678 3660 721 3713 ed.
742 3659 781 3729 (et
799 3657 893 3722 infra).
911 3660 915 3725 Ι
931 3658 1067 3711 rideretur
1085 3657 1127 3710 ed.
1222 3664 1255 3711 21
1273 3676 1355 3728 prae

315 3731 402 3780 cesset
417 3731 462 3783 ed.
554 3740 589 3788 22
603 3732 813 3805 propositionis
831 3729 887 3786 aa
905 3731 978 3784 -ibns
991 3729 1019 3781 b
1035 3728 1068 3780 ll
1080 3745 1156 3780 man.
1172 3733 1357 3798 propositioni

298 3801 455 3860 ‘Queri
472 3804 517 3859 ed.
601 3814 640 3863 24
662 3809 752 3866 Graii
774 3806 822 3862 ed.
1316 3811 1323 3824 “
