<?xml version="1.0" encoding="UTF-8"?>
<!DOCTYPE html PUBLIC "-//W3C//DTD XHTML 1.0 Transitional//EN"
    "http://www.w3.org/TR/xhtml1/DTD/xhtml1-transitional.dtd">
<html xmlns="http://www.w3.org/1999/xhtml" xml:lang="en" lang="en">
 <head>
  <title>
</title>
<meta http-equiv="Content-Type" content="text/html;charset=utf-8" />
  <meta name='ocr-system' content='tesseract 3.04.00' />
  <meta name='ocr-capabilities' content='ocr_page ocr_carea ocr_par ocr_line ocrx_word'/>
</head>
<body>
  <div class='ocr_page' id='page_1' title='image "./tibericlaudidon01georgoog_0026.png"; bbox 0 0 3250 4350; ppageno 0'>
   <div class='ocr_carea' id='block_1_1' title="bbox 348 435 961 492">
    <p class='ocr_par' dir='ltr' id='par_1_1' title="bbox 348 435 961 492">
     <span class='ocr_line' id='line_1_1' title="bbox 348 435 961 492; baseline -0.003 0"><span class='ocrx_word' id='word_1_1' title='bbox 348 436 439 492; x_wconf 81' lang='lat' dir='ltr'><strong>xvm</strong></span> <span class='ocrx_word' id='word_1_2' title='bbox 559 437 562 446; x_wconf 92' lang='lat'>&#39;</span> <span class='ocrx_word' id='word_1_3' title='bbox 754 435 961 490; x_wconf 78' lang='lat' dir='ltr'><strong>PRAEFATIO</strong></span> 
     </span>
    </p>
   </div>
   <div class='ocr_carea' id='block_1_2' title="bbox 349 603 1372 1129">
    <p class='ocr_par' dir='ltr' id='par_1_2' title="bbox 349 603 1372 1129">
     <span class='ocr_line' id='line_1_2' title="bbox 349 603 1372 684; baseline -0.002 -21"><span class='ocrx_word' id='word_1_4' title='bbox 349 604 470 684; x_wconf 79' lang='lat' dir='ltr'><strong>legavit.</strong></span> <span class='ocrx_word' id='word_1_5' title='bbox 504 604 611 663; x_wconf 88' lang='lat' dir='ltr'><strong>horum</strong></span> <span class='ocrx_word' id='word_1_6' title='bbox 635 623 689 681; x_wconf 85' lang='lat' dir='ltr'><strong>ego</strong></span> <span class='ocrx_word' id='word_1_7' title='bbox 714 606 889 679; x_wconf 87' lang='lat' dir='ltr'><strong>sententiae,</strong></span> <span class='ocrx_word' id='word_1_8' title='bbox 907 622 974 663; x_wconf 90' lang='lat' dir='ltr'><strong>cum</strong></span> <span class='ocrx_word' id='word_1_9' title='bbox 997 603 1037 662; x_wconf 92' lang='lat' dir='ltr'><strong>ad</strong></span> <span class='ocrx_word' id='word_1_10' title='bbox 1059 623 1126 663; x_wconf 90' lang='lat' dir='ltr'><strong>eam</strong></span> <span class='ocrx_word' id='word_1_11' title='bbox 1144 603 1276 663; x_wconf 86' lang='lat' dir='ltr'><strong>nondum</strong></span> <span class='ocrx_word' id='word_1_12' title='bbox 1294 604 1372 662; x_wconf 90' lang='lat' dir='ltr'><strong>mihi</strong></span> 
     </span>
     <span class='ocr_line' id='line_1_3' title="bbox 352 692 1372 772; baseline -0.003 -17"><span class='ocrx_word' id='word_1_13' title='bbox 352 695 503 772; x_wconf 74' lang='lat' dir='ltr'><strong>cognitam</strong></span> <span class='ocrx_word' id='word_1_14' title='bbox 517 694 581 768; x_wconf 89' lang='lat' dir='ltr'><strong>ipse</strong></span> <span class='ocrx_word' id='word_1_15' title='bbox 600 711 719 768; x_wconf 92' lang='lat' dir='ltr'><strong>quoque</strong></span> <span class='ocrx_word' id='word_1_16' title='bbox 738 694 960 769; x_wconf 89' lang='lat' dir='ltr'><strong>comparatione</strong></span> <span class='ocrx_word' id='word_1_17' title='bbox 975 692 1117 752; x_wconf 84' lang='lat' dir='ltr'><strong>Vaticani</strong></span> <span class='ocrx_word' id='word_1_18' title='bbox 1135 692 1205 752; x_wconf 87' lang='lat' dir='ltr'>libri</span> <span class='ocrx_word' id='word_1_19' title='bbox 1223 692 1372 752; x_wconf 88' lang='lat' dir='ltr'><strong>adductus</strong></span> 
     </span>
     <span class='ocr_line' id='line_1_4' title="bbox 350 780 1370 858; baseline -0.005 -14"><span class='ocrx_word' id='word_1_20' title='bbox 350 785 416 857; x_wconf 85' lang='lat' dir='ltr'><strong>sim,</strong></span> <span class='ocrx_word' id='word_1_21' title='bbox 440 802 474 843; x_wconf 89' lang='lat' dir='ltr'><strong>eo</strong></span> <span class='ocrx_word' id='word_1_22' title='bbox 498 783 596 841; x_wconf 90' lang='lat' dir='ltr'><strong>minus</strong></span> <span class='ocrx_word' id='word_1_23' title='bbox 620 781 724 841; x_wconf 91' lang='lat' dir='ltr'><strong>dubito</strong></span> <span class='ocrx_word' id='word_1_24' title='bbox 749 782 895 842; x_wconf 74' lang='lat' dir='ltr'><strong>assentiri.</strong></span> <span class='ocrx_word' id='word_1_25' title='bbox 934 783 1043 858; x_wconf 89' lang='lat' dir='ltr'><strong>prioris</strong></span> <span class='ocrx_word' id='word_1_26' title='bbox 1061 784 1158 858; x_wconf 85' lang='lat' dir='ltr'><strong>partis</strong></span> <span class='ocrx_word' id='word_1_27' title='bbox 1177 780 1318 840; x_wconf 90' lang='lat' dir='ltr'><strong>librarius</strong></span> <span class='ocrx_word' id='word_1_28' title='bbox 1337 783 1370 839; x_wconf 92' lang='lat' dir='ltr'><strong>in</strong></span> 
     </span>
     <span class='ocr_line' id='line_1_5' title="bbox 350 870 1371 948; baseline -0.003 -17"><span class='ocrx_word' id='word_1_29' title='bbox 350 870 649 948; x_wconf 73' lang='lat' dir='ltr'><strong>interpretationibus</strong></span> <span class='ocrx_word' id='word_1_30' title='bbox 681 871 790 930; x_wconf 88' lang='lat' dir='ltr'><strong>litteris</strong></span> <span class='ocrx_word' id='word_1_31' title='bbox 821 873 918 930; x_wconf 88' lang='lat' dir='ltr'><strong>utitur</strong></span> <span class='ocrx_word' id='word_1_32' title='bbox 944 871 1205 948; x_wconf 84' lang='lat' dir='ltr'><strong>Anglosaxonicis,</strong></span> <span class='ocrx_word' id='word_1_33' title='bbox 1237 873 1269 928; x_wconf 93' lang='lat' dir='ltr'><strong>in</strong></span> <span class='ocrx_word' id='word_1_34' title='bbox 1296 871 1371 929; x_wconf 91' lang='lat' dir='ltr'><strong>lem·</strong></span> 
     </span>
     <span class='ocr_line' id='line_1_6' title="bbox 351 958 1369 1037; baseline -0.002 -17"><span class='ocrx_word' id='word_1_35' title='bbox 351 962 441 1021; x_wconf 89' lang='lat' dir='ltr'><strong>matis</strong></span> <span class='ocrx_word' id='word_1_36' title='bbox 466 960 649 1037; x_wconf 79' lang='lat' dir='ltr'><strong>Vergilianis</strong></span> <span class='ocrx_word' id='word_1_37' title='bbox 676 958 766 1019; x_wconf 91' lang='lat' dir='ltr'><strong>rubro</strong></span> <span class='ocrx_word' id='word_1_38' title='bbox 794 961 894 1019; x_wconf 91' lang='lat' dir='ltr'><strong>colore</strong></span> <span class='ocrx_word' id='word_1_39' title='bbox 921 961 1040 1035; x_wconf 91' lang='lat' dir='ltr'><strong>scriptis</strong></span> <span class='ocrx_word' id='word_1_40' title='bbox 1063 979 1156 1035; x_wconf 88' lang='lat' dir='ltr'><strong>usque</strong></span> <span class='ocrx_word' id='word_1_41' title='bbox 1184 960 1222 1018; x_wconf 92' lang='lat' dir='ltr'><strong>ad</strong></span> <span class='ocrx_word' id='word_1_42' title='bbox 1249 960 1302 1019; x_wconf 90' lang='lat' dir='ltr'><strong>fol.</strong></span> <span class='ocrx_word' id='word_1_43' title='bbox 1329 961 1369 1018; x_wconf 87' lang='lat'><strong>13</strong></span> 
     </span>
     <span class='ocr_line' id='line_1_7' title="bbox 350 1041 1372 1129; baseline -0.002 -19"><span class='ocrx_word' id='word_1_44' title='bbox 350 1049 518 1110; x_wconf 75' lang='lat' dir='ltr'><strong>uncialibus</strong></span> <span class='ocrx_word' id='word_1_45' title='bbox 543 1041 616 1129; x_wconf 87' lang='lat' dir='ltr'><strong>(uno</strong></span> <span class='ocrx_word' id='word_1_46' title='bbox 640 1049 706 1108; x_wconf 91' lang='lat' dir='ltr'><strong>loco</strong></span> <span class='ocrx_word' id='word_1_47' title='bbox 729 1049 909 1124; x_wconf 77' lang='lat' dir='ltr'><strong>capitalibus</strong></span> <span class='ocrx_word' id='word_1_48' title='bbox 931 1041 1076 1128; x_wconf 83' lang='lat' dir='ltr'><strong>rusticis),</strong></span> <span class='ocrx_word' id='word_1_49' title='bbox 1094 1052 1163 1124; x_wconf 90' lang='lat' dir='ltr'><strong>post</strong></span> <span class='ocrx_word' id='word_1_50' title='bbox 1186 1047 1236 1108; x_wconf 89' lang='lat' dir='ltr'><strong>fol.</strong></span> <span class='ocrx_word' id='word_1_51' title='bbox 1255 1049 1295 1107; x_wconf 86' lang='lat'><strong>13</strong></span> <span class='ocrx_word' id='word_1_52' title='bbox 1318 1048 1372 1108; x_wconf 89' lang='lat' dir='ltr'><strong>iis-</strong></span> 
     </span>
    </p>
   </div>
   <div class='ocr_carea' id='block_1_3' title="bbox 275 1131 1384 3887">
    <p class='ocr_par' dir='ltr' id='par_1_3' title="bbox 275 1131 1384 3887">
     <span class='ocr_line' id='line_1_8' title="bbox 352 1131 1372 1215; baseline 0 -18"><span class='ocrx_word' id='word_1_53' title='bbox 352 1138 552 1215; x_wconf 90' lang='lat' dir='ltr'><strong>demquibus</strong></span> <span class='ocrx_word' id='word_1_54' title='bbox 575 1139 608 1195; x_wconf 92' lang='lat' dir='ltr'><strong>in</strong></span> <span class='ocrx_word' id='word_1_55' title='bbox 630 1138 938 1215; x_wconf 85' lang='lat' dir='ltr'><strong>interpretationibus.</strong></span> <span class='ocrx_word' id='word_1_56' title='bbox 983 1131 1034 1196; x_wconf 89' lang='lat' dir='ltr'><strong>LII</strong></span> <span class='ocrx_word' id='word_1_57' title='bbox 1059 1140 1090 1196; x_wconf 94' lang='lat' dir='ltr'><strong>in</strong></span> <span class='ocrx_word' id='word_1_58' title='bbox 1113 1139 1372 1212; x_wconf 87' lang='lat' dir='ltr'><strong>interpretationi·</strong></span> 
     </span>
     <span class='ocr_line' id='line_1_9' title="bbox 352 1226 1372 1287; baseline -0.001 -1"><span class='ocrx_word' id='word_1_59' title='bbox 352 1228 407 1286; x_wconf 90' lang='lat' dir='ltr'><strong>bus</strong></span> <span class='ocrx_word' id='word_1_60' title='bbox 431 1228 542 1287; x_wconf 86' lang='lat' dir='ltr'><strong>formas</strong></span> <span class='ocrx_word' id='word_1_61' title='bbox 562 1227 733 1286; x_wconf 86' lang='lat' dir='ltr'><strong>litterarum</strong></span> <span class='ocrx_word' id='word_1_62' title='bbox 752 1226 908 1286; x_wconf 78' lang='lat' dir='ltr'><strong>Carolinas</strong></span> <span class='ocrx_word' id='word_1_63' title='bbox 927 1227 1108 1286; x_wconf 87' lang='lat' dir='ltr'><strong>minusculas</strong></span> <span class='ocrx_word' id='word_1_64' title='bbox 1128 1227 1372 1286; x_wconf 88' lang='lat' dir='ltr'><strong>semiuncialibus</strong></span> 
     </span>
     <span class='ocr_line' id='line_1_10' title="bbox 352 1304 1372 1392; baseline -0.002 -16"><span class='ocrx_word' id='word_1_65' title='bbox 352 1318 508 1376; x_wconf 88' lang='lat' dir='ltr'><strong>elementis</strong></span> <span class='ocrx_word' id='word_1_66' title='bbox 530 1315 649 1390; x_wconf 82' lang='lat' dir='ltr'><strong>mixtas,</strong></span> <span class='ocrx_word' id='word_1_67' title='bbox 672 1315 704 1373; x_wconf 89' lang='lat' dir='ltr'><strong>in</strong></span> <span class='ocrx_word' id='word_1_68' title='bbox 726 1316 885 1390; x_wconf 82' lang='lat' dir='ltr'><strong>lemmatis,</strong></span> <span class='ocrx_word' id='word_1_69' title='bbox 909 1304 1049 1392; x_wconf 82' lang='lat' dir='ltr'><strong>quorum,</strong></span> <span class='ocrx_word' id='word_1_70' title='bbox 1071 1317 1099 1374; x_wconf 91' lang='lat' dir='ltr'><strong>si</strong></span> <span class='ocrx_word' id='word_1_71' title='bbox 1121 1316 1269 1391; x_wconf 90' lang='lat' dir='ltr'><strong>ampliora</strong></span> <span class='ocrx_word' id='word_1_72' title='bbox 1292 1318 1372 1389; x_wconf 88' lang='lat' dir='ltr'><strong>sunt,</strong></span> 
     </span>
     <span class='ocr_line' id='line_1_11' title="bbox 352 1403 1371 1483; baseline -0.003 -19"><span class='ocrx_word' id='word_1_73' title='bbox 352 1408 469 1483; x_wconf 88' lang='lat' dir='ltr'><strong>partem</strong></span> <span class='ocrx_word' id='word_1_74' title='bbox 497 1408 616 1464; x_wconf 90' lang='lat' dir='ltr'><strong>tantum</strong></span> <span class='ocrx_word' id='word_1_75' title='bbox 642 1403 732 1462; x_wconf 89' lang='lat' dir='ltr'><strong>rubro</strong></span> <span class='ocrx_word' id='word_1_76' title='bbox 761 1404 858 1464; x_wconf 90' lang='lat' dir='ltr'><strong>colore</strong></span> <span class='ocrx_word' id='word_1_77' title='bbox 887 1403 1014 1464; x_wconf 89' lang='lat' dir='ltr'><strong>scribere</strong></span> <span class='ocrx_word' id='word_1_78' title='bbox 1043 1405 1132 1479; x_wconf 79' lang='lat' dir='ltr'><strong>solet,</strong></span> <span class='ocrx_word' id='word_1_79' title='bbox 1158 1404 1292 1462; x_wconf 87' lang='lat' dir='ltr'><strong>unciales</strong></span> <span class='ocrx_word' id='word_1_80' title='bbox 1320 1405 1371 1463; x_wconf 85' lang='lat' dir='ltr'><strong>ad·</strong></span> 
     </span>
     <span class='ocr_line' id='line_1_12' title="bbox 352 1493 1372 1571; baseline -0.002 -17"><span class='ocrx_word' id='word_1_81' title='bbox 352 1495 444 1555; x_wconf 88' lang='lat' dir='ltr'><strong>hibet.</strong></span> <span class='ocrx_word' id='word_1_82' title='bbox 486 1512 554 1553; x_wconf 86' lang='lat' dir='ltr'><strong>curn</strong></span> <span class='ocrx_word' id='word_1_83' title='bbox 571 1493 666 1571; x_wconf 83' lang='lat' dir='ltr'><strong>igitur</strong></span> <span class='ocrx_word' id='word_1_84' title='bbox 683 1494 879 1568; x_wconf 87' lang='lat' dir='ltr'><strong>posteriorem</strong></span> <span class='ocrx_word' id='word_1_85' title='bbox 896 1496 1014 1569; x_wconf 86' lang='lat' dir='ltr'><strong>partem</strong></span> <span class='ocrx_word' id='word_1_86' title='bbox 1032 1496 1064 1552; x_wconf 90' lang='lat' dir='ltr'><strong>in</strong></span> <span class='ocrx_word' id='word_1_87' title='bbox 1082 1493 1211 1552; x_wconf 75' lang='lat' dir='ltr'><strong>Francia</strong></span> <span class='ocrx_word' id='word_1_88' title='bbox 1228 1494 1372 1569; x_wconf 85' lang='lat' dir='ltr'><strong>scriptam</strong></span> 
     </span>
     <span class='ocr_line' id='line_1_13' title="bbox 354 1582 1374 1660; baseline -0.003 -17"><span class='ocrx_word' id='word_1_89' title='bbox 354 1603 415 1645; x_wconf 88' lang='lat' dir='ltr'><strong>csse</strong></span> <span class='ocrx_word' id='word_1_90' title='bbox 447 1585 565 1660; x_wconf 87' lang='lat' dir='ltr'><strong>pateat,</strong></span> <span class='ocrx_word' id='word_1_91' title='bbox 597 1582 729 1658; x_wconf 81' lang='lat' dir='ltr'><strong>priorem</strong></span> <span class='ocrx_word' id='word_1_92' title='bbox 761 1601 879 1658; x_wconf 88' lang='lat' dir='ltr'><strong>quoque</strong></span> <span class='ocrx_word' id='word_1_93' title='bbox 911 1582 1022 1641; x_wconf 89' lang='lat' dir='ltr'><strong>ibidem</strong></span> <span class='ocrx_word' id='word_1_94' title='bbox 1050 1587 1080 1642; x_wconf 87' lang='lat' dir='ltr'><strong>et</strong></span> <span class='ocrx_word' id='word_1_95' title='bbox 1108 1583 1211 1642; x_wconf 90' lang='lat' dir='ltr'><strong>ecdem</strong></span> <span class='ocrx_word' id='word_1_96' title='bbox 1237 1585 1374 1658; x_wconf 89' lang='lat' dir='ltr'><strong>tempore</strong></span> 
     </span>
     <span class='ocr_line' id='line_1_14' title="bbox 355 1670 1374 1748; baseline -0.003 -15"><span class='ocrx_word' id='word_1_97' title='bbox 355 1673 521 1733; x_wconf 89' lang='lat' dir='ltr'><strong>confectam</strong></span> <span class='ocrx_word' id='word_1_98' title='bbox 549 1689 612 1730; x_wconf 88' lang='lat' dir='ltr'><strong>esse</strong></span> <span class='ocrx_word' id='word_1_99' title='bbox 640 1672 827 1730; x_wconf 85' lang='lat' dir='ltr'><strong>continuatio</strong></span> <span class='ocrx_word' id='word_1_100' title='bbox 856 1672 943 1731; x_wconf 89' lang='lat' dir='ltr'><strong>docet</strong></span> <span class='ocrx_word' id='word_1_101' title='bbox 969 1670 1118 1730; x_wconf 88' lang='lat' dir='ltr'><strong>scribendi</strong></span> <span class='ocrx_word' id='word_1_102' title='bbox 1145 1690 1205 1748; x_wconf 88' lang='lat' dir='ltr'><strong>qua</strong></span> <span class='ocrx_word' id='word_1_103' title='bbox 1229 1674 1261 1730; x_wconf 90' lang='lat' dir='ltr'><strong>in</strong></span> <span class='ocrx_word' id='word_1_104' title='bbox 1284 1689 1374 1730; x_wconf 85' lang='lat' dir='ltr'><strong>versu</strong></span> 
     </span>
     <span class='ocr_line' id='line_1_15' title="bbox 357 1759 1374 1836; baseline -0.004 -15"><span class='ocrx_word' id='word_1_105' title='bbox 357 1765 386 1836; x_wconf 82' lang='lat'><strong>2,</strong></span> <span class='ocrx_word' id='word_1_106' title='bbox 402 1763 467 1819; x_wconf 84' lang='grc'><strong>494</strong></span> <span class='ocrx_word' id='word_1_107' title='bbox 490 1761 575 1818; x_wconf 89' lang='lat' dir='ltr'><strong>nulla</strong></span> <span class='ocrx_word' id='word_1_108' title='bbox 597 1761 822 1835; x_wconf 86' lang='lat' dir='ltr'><strong>intercapedine</strong></span> <span class='ocrx_word' id='word_1_109' title='bbox 846 1762 923 1820; x_wconf 90' lang='lat' dir='ltr'><strong>alter</strong></span> <span class='ocrx_word' id='word_1_110' title='bbox 945 1759 1086 1819; x_wconf 88' lang='lat' dir='ltr'><strong>librarius</strong></span> <span class='ocrx_word' id='word_1_111' title='bbox 1106 1761 1233 1819; x_wconf 91' lang='lat' dir='ltr'><strong>alterum</strong></span> <span class='ocrx_word' id='word_1_112' title='bbox 1252 1762 1374 1836; x_wconf 87' lang='lat' dir='ltr'><strong>excipit.</strong></span> 
     </span>
     <span class='ocr_line' id='line_1_16' title="bbox 354 1847 1372 1927; baseline -0.002 -19"><span class='ocrx_word' id='word_1_113' title='bbox 354 1854 510 1927; x_wconf 87' lang='lat' dir='ltr'><strong>praeterea</strong></span> <span class='ocrx_word' id='word_1_114' title='bbox 546 1851 606 1909; x_wconf 88' lang='lat' dir='ltr'><strong>viri</strong></span> <span class='ocrx_word' id='word_1_115' title='bbox 642 1847 722 1907; x_wconf 89' lang='lat' dir='ltr'><strong>docti</strong></span> <span class='ocrx_word' id='word_1_116' title='bbox 753 1849 922 1908; x_wconf 81' lang='lat' dir='ltr'><strong>Florentini</strong></span> <span class='ocrx_word' id='word_1_117' title='bbox 952 1850 1114 1908; x_wconf 84' lang='lat' dir='ltr'><strong>maximam</strong></span> <span class='ocrx_word' id='word_1_118' title='bbox 1146 1849 1372 1910; x_wconf 88' lang='lat' dir='ltr'><strong>similitudinem</strong></span> 
     </span>
     <span class='ocr_line' id='line_1_17' title="bbox 354 1937 1375 2016; baseline -0.005 -16"><span class='ocrx_word' id='word_1_119' title='bbox 354 1958 460 2000; x_wconf 89' lang='lat' dir='ltr'><strong>manus</strong></span> <span class='ocrx_word' id='word_1_120' title='bbox 493 1938 666 2014; x_wconf 89' lang='lat' dir='ltr'><strong>posterioris</strong></span> <span class='ocrx_word' id='word_1_121' title='bbox 699 1956 766 1996; x_wconf 90' lang='lat' dir='ltr'><strong>cum</strong></span> <span class='ocrx_word' id='word_1_122' title='bbox 798 1940 896 1997; x_wconf 85' lang='lat' dir='ltr'><strong>forma</strong></span> <span class='ocrx_word' id='word_1_123' title='bbox 927 1939 1142 2016; x_wconf 82' lang='lat' dir='ltr'><strong>calligraphica</strong></span> <span class='ocrx_word' id='word_1_124' title='bbox 1173 1938 1292 1998; x_wconf 88' lang='lat' dir='ltr'><strong>scholae</strong></span> <span class='ocrx_word' id='word_1_125' title='bbox 1319 1937 1375 1995; x_wconf 79' lang='lat' dir='ltr'><strong>Al-</strong></span> 
     </span>
     <span class='ocr_line' id='line_1_18' title="bbox 355 2027 1375 2102; baseline -0.002 -15"><span class='ocrx_word' id='word_1_126' title='bbox 355 2027 511 2087; x_wconf 87' lang='lat' dir='ltr'><strong>cuinianae</strong></span> <span class='ocrx_word' id='word_1_127' title='bbox 532 2027 712 2087; x_wconf 82' lang='lat' dir='ltr'><strong>Turonensis</strong></span> <span class='ocrx_word' id='word_1_128' title='bbox 737 2045 799 2086; x_wconf 90' lang='lat' dir='ltr'><strong>esse</strong></span> <span class='ocrx_word' id='word_1_129' title='bbox 823 2031 1009 2102; x_wconf 74' lang='lat' dir='ltr'><strong>monuenmt,</strong></span> <span class='ocrx_word' id='word_1_130' title='bbox 1027 2027 1060 2085; x_wconf 91' lang='lat' dir='ltr'><strong>in</strong></span> <span class='ocrx_word' id='word_1_131' title='bbox 1084 2046 1144 2102; x_wconf 91' lang='lat' dir='ltr'><strong>qua</strong></span> <span class='ocrx_word' id='word_1_132' title='bbox 1166 2046 1256 2102; x_wconf 91' lang='lat' dir='ltr'><strong>quem</strong></span> <span class='ocrx_word' id='word_1_133' title='bbox 1274 2027 1375 2085; x_wconf 90' lang='lat' dir='ltr'><strong>locum</strong></span> 
     </span>
     <span class='ocr_line' id='line_1_19' title="bbox 355 2116 1374 2194; baseline -0.002 -17"><span class='ocrx_word' id='word_1_134' title='bbox 355 2117 580 2194; x_wconf 83' lang='lat' dir='ltr'><strong>Anglosaxones</strong></span> <span class='ocrx_word' id='word_1_135' title='bbox 613 2116 799 2177; x_wconf 84' lang='lat' dir='ltr'><strong>obtinuerint</strong></span> <span class='ocrx_word' id='word_1_136' title='bbox 831 2119 956 2177; x_wconf 89' lang='lat' dir='ltr'><strong>constat.</strong></span> <span class='ocrx_word' id='word_1_137' title='bbox 1002 2118 1045 2176; x_wconf 90' lang='lat' dir='ltr'><strong>sic</strong></span> <span class='ocrx_word' id='word_1_138' title='bbox 1078 2135 1148 2193; x_wconf 84' lang='lat' dir='ltr'><strong>ergo</strong></span> <span class='ocrx_word' id='word_1_139' title='bbox 1180 2116 1374 2176; x_wconf 86' lang='lat' dir='ltr'><strong>statuendum</strong></span> 
     </span>
     <span class='ocr_line' id='line_1_20' title="bbox 356 2205 1375 2284; baseline -0.002 -19"><span class='ocrx_word' id='word_1_140' title='bbox 356 2210 410 2280; x_wconf 84' lang='lat' dir='ltr'><strong>est,</strong></span> <span class='ocrx_word' id='word_1_141' title='bbox 433 2208 563 2281; x_wconf 90' lang='lat' dir='ltr'><strong>priorem</strong></span> <span class='ocrx_word' id='word_1_142' title='bbox 585 2208 702 2282; x_wconf 89' lang='lat' dir='ltr'><strong>partem</strong></span> <span class='ocrx_word' id='word_1_143' title='bbox 726 2205 764 2264; x_wconf 93' lang='lat' dir='ltr'><strong>ab</strong></span> <span class='ocrx_word' id='word_1_144' title='bbox 786 2206 907 2265; x_wconf 92' lang='lat' dir='ltr'><strong>homine</strong></span> <span class='ocrx_word' id='word_1_145' title='bbox 930 2205 1153 2284; x_wconf 82' lang='lat' dir='ltr'><strong>Anglosaxone‚</strong></span> <span class='ocrx_word' id='word_1_146' title='bbox 1177 2208 1375 2281; x_wconf 83' lang='lat' dir='ltr'><strong>posteriorem</strong></span> 
     </span>
     <span class='ocr_line' id='line_1_21' title="bbox 356 2295 1376 2372; baseline -0.003 -17"><span class='ocrx_word' id='word_1_147' title='bbox 356 2314 376 2355; x_wconf 92' lang='lat' dir='ltr'><strong>a</strong></span> <span class='ocrx_word' id='word_1_148' title='bbox 398 2296 595 2371; x_wconf 81' lang='lat' dir='ltr'><strong>Francogallo</strong></span> <span class='ocrx_word' id='word_1_149' title='bbox 619 2297 761 2370; x_wconf 89' lang='lat' dir='ltr'><strong>scriptam</strong></span> <span class='ocrx_word' id='word_1_150' title='bbox 785 2313 856 2368; x_wconf 86' lang='lat' dir='ltr'><strong>esse,</strong></span> <span class='ocrx_word' id='word_1_151' title='bbox 879 2299 1038 2372; x_wconf 88' lang='lat' dir='ltr'><strong>utramque</strong></span> <span class='ocrx_word' id='word_1_152' title='bbox 1060 2297 1093 2353; x_wconf 92' lang='lat' dir='ltr'><strong>in</strong></span> <span class='ocrx_word' id='word_1_153' title='bbox 1111 2295 1238 2353; x_wconf 83' lang='lat' dir='ltr'><strong>Francia</strong></span> <span class='ocrx_word' id='word_1_154' title='bbox 1261 2295 1376 2354; x_wconf 90' lang='lat' dir='ltr'><strong>saeculi</strong></span> 
     </span>
     <span class='ocr_line' id='line_1_22' title="bbox 355 2383 1376 2461; baseline -0.001 -18"><span class='ocrx_word' id='word_1_155' title='bbox 355 2405 384 2461; x_wconf 91' lang='lat' dir='ltr'><strong>p.</strong></span> <span class='ocrx_word' id='word_1_156' title='bbox 411 2383 441 2443; x_wconf 84' lang='lat' dir='ltr'><strong>G.</strong></span> <span class='ocrx_word' id='word_1_157' title='bbox 465 2405 493 2443; x_wconf 87' lang='lat' dir='ltr'><strong>n.</strong></span> <span class='ocrx_word' id='word_1_158' title='bbox 522 2386 594 2443; x_wconf 90' lang='lat' dir='ltr'><strong>noni</strong></span> <span class='ocrx_word' id='word_1_159' title='bbox 621 2387 707 2459; x_wconf 87' lang='lat' dir='ltr'><strong>parte</strong></span> <span class='ocrx_word' id='word_1_160' title='bbox 734 2383 841 2459; x_wconf 88' lang='lat' dir='ltr'><strong>priore.</strong></span> <span class='ocrx_word' id='word_1_161' title='bbox 887 2404 959 2443; x_wconf 93' lang='lat' dir='ltr'><strong>nam</strong></span> <span class='ocrx_word' id='word_1_162' title='bbox 991 2387 1021 2443; x_wconf 88' lang='lat' dir='ltr'><strong>et</strong></span> <span class='ocrx_word' id='word_1_163' title='bbox 1051 2384 1221 2443; x_wconf 87' lang='lat' dir='ltr'><strong>litterarum</strong></span> <span class='ocrx_word' id='word_1_164' title='bbox 1252 2384 1376 2442; x_wconf 89' lang='lat' dir='ltr'><strong>habitus</strong></span> 
     </span>
     <span class='ocr_line' id='line_1_23' title="bbox 357 2472 1377 2535; baseline -0.005 0"><span class='ocrx_word' id='word_1_165' title='bbox 357 2473 528 2535; x_wconf 87' lang='lat' dir='ltr'><strong>auctoribus</strong></span> <span class='ocrx_word' id='word_1_166' title='bbox 552 2474 733 2532; x_wconf 81' lang='lat' dir='ltr'><strong>Florentinis</strong></span> <span class='ocrx_word' id='word_1_167' title='bbox 756 2473 795 2531; x_wconf 94' lang='lat' dir='ltr'><strong>ad</strong></span> <span class='ocrx_word' id='word_1_168' title='bbox 818 2491 930 2532; x_wconf 90' lang='lat' dir='ltr'><strong>nonum</strong></span> <span class='ocrx_word' id='word_1_169' title='bbox 953 2472 1102 2532; x_wconf 90' lang='lat' dir='ltr'><strong>saeculum</strong></span> <span class='ocrx_word' id='word_1_170' title='bbox 1126 2490 1180 2531; x_wconf 89' lang='lat' dir='ltr'><strong>nos</strong></span> <span class='ocrx_word' id='word_1_171' title='bbox 1202 2475 1323 2532; x_wconf 85' lang='lat' dir='ltr'><strong>revocat</strong></span> <span class='ocrx_word' id='word_1_172' title='bbox 1345 2475 1377 2531; x_wconf 90' lang='lat' dir='ltr'><strong>et</strong></span> 
     </span>
     <span class='ocr_line' id='line_1_24' title="bbox 358 2561 1376 2639; baseline 0.001 -19"><span class='ocrx_word' id='word_1_173' title='bbox 358 2582 448 2639; x_wconf 91' lang='lat' dir='ltr'><strong>quam</strong></span> <span class='ocrx_word' id='word_1_174' title='bbox 476 2582 511 2621; x_wconf 86' lang='lat' dir='ltr'><strong>cx</strong></span> <span class='ocrx_word' id='word_1_175' title='bbox 539 2563 639 2622; x_wconf 88' lang='lat' dir='ltr'><strong>codice</strong></span> <span class='ocrx_word' id='word_1_176' title='bbox 667 2561 829 2639; x_wconf 78' lang='lat' dir='ltr'><strong>Regineusi</strong></span> <span class='ocrx_word' id='word_1_177' title='bbox 856 2562 937 2620; x_wconf 92' lang='lat' dir='ltr'><strong>haud</strong></span> <span class='ocrx_word' id='word_1_178' title='bbox 965 2561 1054 2620; x_wconf 88' lang='lat' dir='ltr'><strong>dubie</strong></span> <span class='ocrx_word' id='word_1_179' title='bbox 1083 2561 1199 2619; x_wconf 91' lang='lat' dir='ltr'><strong>iuniore</strong></span> <span class='ocrx_word' id='word_1_180' title='bbox 1230 2563 1376 2637; x_wconf 87' lang='lat' dir='ltr'><strong>temporis</strong></span> 
     </span>
     <span class='ocr_line' id='line_1_25' title="bbox 357 2650 1376 2726; baseline -0.003 -15"><span class='ocrx_word' id='word_1_181' title='bbox 357 2651 519 2711; x_wconf 87' lang='lat' dir='ltr'><strong>efficiemus</strong></span> <span class='ocrx_word' id='word_1_182' title='bbox 552 2651 755 2710; x_wconf 89' lang='lat' dir='ltr'><strong>definitionem</strong></span> <span class='ocrx_word' id='word_1_183' title='bbox 786 2650 819 2709; x_wconf 91' lang='lat' dir='ltr'><strong>in</strong></span> <span class='ocrx_word' id='word_1_184' title='bbox 850 2651 979 2726; x_wconf 83' lang='lat' dir='ltr'><strong>priorem</strong></span> <span class='ocrx_word' id='word_1_185' title='bbox 1012 2652 1075 2710; x_wconf 90' lang='lat' dir='ltr'><strong>eius</strong></span> <span class='ocrx_word' id='word_1_186' title='bbox 1108 2650 1219 2709; x_wconf 86' lang='lat' dir='ltr'><strong>saeculi</strong></span> <span class='ocrx_word' id='word_1_187' title='bbox 1248 2653 1376 2726; x_wconf 84' lang='lat' dir='ltr'><strong>partem.</strong></span> 
     </span>
     <span class='ocr_line' id='line_1_26' title="bbox 275 2739 1377 2816; baseline 0 -18"><span class='ocrx_word' id='word_1_188' title='bbox 275 2760 278 2767; x_wconf 62' lang='lat'>¹</span> <span class='ocrx_word' id='word_1_189' title='bbox 358 2740 466 2816; x_wconf 91' lang='lat' dir='ltr'><strong>quodsi</strong></span> <span class='ocrx_word' id='word_1_190' title='bbox 491 2742 601 2816; x_wconf 91' lang='lat' dir='ltr'><strong>prioris</strong></span> <span class='ocrx_word' id='word_1_191' title='bbox 629 2739 747 2799; x_wconf 88' lang='lat' dir='ltr'><strong>librarii</strong></span> <span class='ocrx_word' id='word_1_192' title='bbox 774 2758 849 2815; x_wconf 89' lang='lat' dir='ltr'><strong>opus</strong></span> <span class='ocrx_word' id='word_1_193' title='bbox 877 2757 896 2797; x_wconf 91' lang='lat' dir='ltr'><strong>a</strong></span> <span class='ocrx_word' id='word_1_194' title='bbox 923 2742 1087 2815; x_wconf 90' lang='lat' dir='ltr'><strong>posteriore</strong></span> <span class='ocrx_word' id='word_1_195' title='bbox 1115 2739 1215 2798; x_wconf 88' lang='lat' dir='ltr'><strong>eodem</strong></span> <span class='ocrx_word' id='word_1_196' title='bbox 1240 2742 1377 2815; x_wconf 87' lang='lat' dir='ltr'><strong>tempore</strong></span> 
     </span>
     <span class='ocr_line' id='line_1_27' title="bbox 358 2828 1375 2903; baseline -0.002 -15"><span class='ocrx_word' id='word_1_197' title='bbox 358 2848 393 2888; x_wconf 92' lang='lat' dir='ltr'><strong>ac</strong></span> <span class='ocrx_word' id='word_1_198' title='bbox 411 2829 477 2889; x_wconf 89' lang='lat' dir='ltr'><strong>loco</strong></span> <span class='ocrx_word' id='word_1_199' title='bbox 497 2831 703 2888; x_wconf 88' lang='lat' dir='ltr'><strong>continuatum</strong></span> <span class='ocrx_word' id='word_1_200' title='bbox 723 2831 776 2903; x_wconf 86' lang='lat' dir='ltr'><strong>est,</strong></span> <span class='ocrx_word' id='word_1_201' title='bbox 795 2828 958 2903; x_wconf 88' lang='lat' dir='ltr'><strong>archetypo</strong></span> <span class='ocrx_word' id='word_1_202' title='bbox 980 2828 1083 2888; x_wconf 88' lang='lat' dir='ltr'><strong>eodem</strong></span> <span class='ocrx_word' id='word_1_203' title='bbox 1105 2831 1264 2903; x_wconf 87' lang='lat' dir='ltr'><strong>utrumque</strong></span> <span class='ocrx_word' id='word_1_204' title='bbox 1287 2847 1375 2887; x_wconf 92' lang='lat' dir='ltr'><strong>usum</strong></span> 
     </span>
     <span class='ocr_line' id='line_1_28' title="bbox 359 2916 1375 2996; baseline -0.001 -19"><span class='ocrx_word' id='word_1_205' title='bbox 359 2936 422 2978; x_wconf 89' lang='lat' dir='ltr'><strong>esse</strong></span> <span class='ocrx_word' id='word_1_206' title='bbox 449 2920 553 2996; x_wconf 87' lang='lat' dir='ltr'><strong>negari</strong></span> <span class='ocrx_word' id='word_1_207' title='bbox 579 2937 639 2976; x_wconf 91' lang='lat' dir='ltr'><strong>non</strong></span> <span class='ocrx_word' id='word_1_208' title='bbox 666 2920 787 2992; x_wconf 85' lang='lat' dir='ltr'><strong>poterit.</strong></span> <span class='ocrx_word' id='word_1_209' title='bbox 833 2918 922 2976; x_wconf 90' lang='lat' dir='ltr'><strong>huius</strong></span> <span class='ocrx_word' id='word_1_210' title='bbox 949 2936 1071 2976; x_wconf 92' lang='lat' dir='ltr'><strong>manum</strong></span> <span class='ocrx_word' id='word_1_211' title='bbox 1097 2918 1129 2975; x_wconf 89' lang='lat' dir='ltr'><strong>in</strong></span> <span class='ocrx_word' id='word_1_212' title='bbox 1152 2916 1375 2991; x_wconf 89' lang='lat' dir='ltr'><strong>interpretatio·</strong></span> 
     </span>
     <span class='ocr_line' id='line_1_29' title="bbox 358 2997 1378 3089; baseline -0.002 -23"><span class='ocrx_word' id='word_1_213' title='bbox 358 3008 445 3066; x_wconf 90' lang='lat' dir='ltr'><strong>nibus</strong></span> <span class='ocrx_word' id='word_1_214' title='bbox 474 2999 524 3089; x_wconf 89' lang='lat' dir='ltr'><strong>(de</strong></span> <span class='ocrx_word' id='word_1_215' title='bbox 552 3007 702 3066; x_wconf 90' lang='lat' dir='ltr'><strong>lemmatis</strong></span> <span class='ocrx_word' id='word_1_216' title='bbox 725 3025 785 3065; x_wconf 91' lang='lat' dir='ltr'><strong>non</strong></span> <span class='ocrx_word' id='word_1_217' title='bbox 807 3006 913 3065; x_wconf 83' lang='lat' dir='ltr'><strong>habeo·</strong></span> <span class='ocrx_word' id='word_1_218' title='bbox 927 3006 1001 3080; x_wconf 86' lang='lat' dir='ltr'><strong>quid</strong></span> <span class='ocrx_word' id='word_1_219' title='bbox 1023 2997 1134 3086; x_wconf 89' lang='lat' dir='ltr'><strong>dicam)</strong></span> <span class='ocrx_word' id='word_1_220' title='bbox 1157 3004 1378 3082; x_wconf 83' lang='lat' dir='ltr'><strong>Anglosaxoni-</strong></span> 
     </span>
     <span class='ocr_line' id='line_1_30' title="bbox 359 3092 1377 3170; baseline -0.001 -16"><span class='ocrx_word' id='word_1_221' title='bbox 359 3114 425 3155; x_wconf 90' lang='lat' dir='ltr'><strong>cam</strong></span> <span class='ocrx_word' id='word_1_222' title='bbox 447 3097 539 3155; x_wconf 87' lang='lat' dir='ltr'><strong>fuisse</strong></span> <span class='ocrx_word' id='word_1_223' title='bbox 561 3096 631 3154; x_wconf 89' lang='lat' dir='ltr'><strong>inde</strong></span> <span class='ocrx_word' id='word_1_224' title='bbox 655 3095 777 3169; x_wconf 86' lang='lat' dir='ltr'><strong>conicio,</strong></span> <span class='ocrx_word' id='word_1_225' title='bbox 804 3096 884 3170; x_wconf 91' lang='lat' dir='ltr'><strong>quod</strong></span> <span class='ocrx_word' id='word_1_226' title='bbox 906 3095 937 3152; x_wconf 94' lang='lat' dir='ltr'><strong>in</strong></span> <span class='ocrx_word' id='word_1_227' title='bbox 961 3096 1021 3153; x_wconf 90' lang='lat' dir='ltr'><strong>illis</strong></span> <span class='ocrx_word' id='word_1_228' title='bbox 1044 3096 1128 3169; x_wconf 91' lang='lat' dir='ltr'><strong>prior</strong></span> <span class='ocrx_word' id='word_1_229' title='bbox 1150 3092 1304 3168; x_wconf 87' lang='lat' dir='ltr'><strong>librarius,</strong></span> <span class='ocrx_word' id='word_1_230' title='bbox 1327 3096 1377 3153; x_wconf 86' lang='lat' dir='ltr'><strong>cui</strong></span> 
     </span>
     <span class='ocr_line' id='line_1_31' title="bbox 359 3184 1376 3260; baseline 0 -18"><span class='ocrx_word' id='word_1_231' title='bbox 359 3203 411 3244; x_wconf 86' lang='lat' dir='ltr'><strong>eae</strong></span> <span class='ocrx_word' id='word_1_232' title='bbox 430 3185 542 3243; x_wconf 88' lang='lat' dir='ltr'><strong>formae</strong></span> <span class='ocrx_word' id='word_1_233' title='bbox 561 3184 724 3244; x_wconf 83' lang='lat' dir='ltr'><strong>familiares</strong></span> <span class='ocrx_word' id='word_1_234' title='bbox 744 3187 850 3259; x_wconf 83' lang='lat' dir='ltr'><strong>essent,</strong></span> <span class='ocrx_word' id='word_1_235' title='bbox 869 3184 964 3243; x_wconf 88' lang='lat' dir='ltr'><strong>multo</strong></span> <span class='ocrx_word' id='word_1_236' title='bbox 983 3186 1081 3242; x_wconf 90' lang='lat' dir='ltr'><strong>rarius</strong></span> <span class='ocrx_word' id='word_1_237' title='bbox 1099 3184 1201 3259; x_wconf 89' lang='lat' dir='ltr'><strong>lapsus</strong></span> <span class='ocrx_word' id='word_1_238' title='bbox 1221 3185 1267 3242; x_wconf 92' lang='lat' dir='ltr'><strong>est</strong></span> <span class='ocrx_word' id='word_1_239' title='bbox 1285 3203 1376 3260; x_wconf 89' lang='lat' dir='ltr'><strong>quam</strong></span> 
     </span>
     <span class='ocr_line' id='line_1_32' title="bbox 359 3272 1378 3349; baseline 0 -18"><span class='ocrx_word' id='word_1_240' title='bbox 359 3274 507 3349; x_wconf 88' lang='lat' dir='ltr'><strong>posterior</strong></span> <span class='ocrx_word' id='word_1_241' title='bbox 524 3272 664 3349; x_wconf 90' lang='lat' dir='ltr'><strong>idemque</strong></span> <span class='ocrx_word' id='word_1_242' title='bbox 678 3293 768 3332; x_wconf 91' lang='lat' dir='ltr'><strong>unam</strong></span> <span class='ocrx_word' id='word_1_243' title='bbox 783 3276 902 3332; x_wconf 90' lang='lat' dir='ltr'><strong>tantum</strong></span> <span class='ocrx_word' id='word_1_244' title='bbox 916 3273 1053 3331; x_wconf 89' lang='lat' dir='ltr'><strong>lacunam</strong></span> <span class='ocrx_word' id='word_1_245' title='bbox 1070 3275 1099 3347; x_wconf 80' lang='lat'><strong>2,</strong></span> <span class='ocrx_word' id='word_1_246' title='bbox 1109 3275 1172 3331; x_wconf 87' lang='grc'><strong>469</strong></span> <span class='ocrx_word' id='word_1_247' title='bbox 1194 3272 1229 3331; x_wconf 92' lang='lat' dir='ltr'><strong>de</strong></span> <span class='ocrx_word' id='word_1_248' title='bbox 1248 3272 1378 3332; x_wconf 87' lang='lat' dir='ltr'><strong>lectione</strong></span> 
     </span>
     <span class='ocr_line' id='line_1_33' title="bbox 360 3356 1377 3437; baseline 0.001 -18"><span class='ocrx_word' id='word_1_249' title='bbox 360 3361 500 3420; x_wconf 88' lang='lat' dir='ltr'><strong>dubitans</strong></span> <span class='ocrx_word' id='word_1_250' title='bbox 522 3362 659 3437; x_wconf 85' lang='lat' dir='ltr'><strong>reliquit,</strong></span> <span class='ocrx_word' id='word_1_251' title='bbox 686 3356 737 3420; x_wconf 90' lang='lat' dir='ltr'><strong>LII</strong></span> <span class='ocrx_word' id='word_1_252' title='bbox 758 3362 930 3437; x_wconf 87' lang='lat' dir='ltr'><strong>permultas.</strong></span> <span class='ocrx_word' id='word_1_253' title='bbox 976 3362 1024 3420; x_wconf 91' lang='lat' dir='ltr'><strong>his</strong></span> <span class='ocrx_word' id='word_1_254' title='bbox 1047 3364 1192 3421; x_wconf 89' lang='lat' dir='ltr'><strong>concessis</strong></span> <span class='ocrx_word' id='word_1_255' title='bbox 1213 3362 1314 3420; x_wconf 89' lang='lat' dir='ltr'><strong>nescio</strong></span> <span class='ocrx_word' id='word_1_256' title='bbox 1337 3380 1377 3420; x_wconf 91' lang='lat' dir='ltr'><strong>an</strong></span> 
     </span>
     <span class='ocr_line' id='line_1_34' title="bbox 359 3450 1377 3527; baseline 0 -18"><span class='ocrx_word' id='word_1_257' title='bbox 359 3451 436 3509; x_wconf 91' lang='lat' dir='ltr'><strong>illud</strong></span> <span class='ocrx_word' id='word_1_258' title='bbox 466 3469 583 3525; x_wconf 88' lang='lat' dir='ltr'><strong>quoque</strong></span> <span class='ocrx_word' id='word_1_259' title='bbox 611 3450 803 3524; x_wconf 89' lang='lat' dir='ltr'><strong>concedatur,</strong></span> <span class='ocrx_word' id='word_1_260' title='bbox 831 3454 868 3509; x_wconf 89' lang='lat' dir='ltr'><strong>ut</strong></span> <span class='ocrx_word' id='word_1_261' title='bbox 893 3451 1096 3527; x_wconf 85' lang='lat' dir='ltr'><strong>archetypum,</strong></span> <span class='ocrx_word' id='word_1_262' title='bbox 1118 3451 1150 3508; x_wconf 90' lang='lat' dir='ltr'><strong>id</strong></span> <span class='ocrx_word' id='word_1_263' title='bbox 1174 3450 1253 3525; x_wconf 90' lang='lat' dir='ltr'><strong>quod</strong></span> <span class='ocrx_word' id='word_1_264' title='bbox 1277 3453 1377 3509; x_wconf 89' lang='lat' dir='ltr'><strong>aetate</strong></span> 
     </span>
     <span class='ocr_line' id='line_1_35' title="bbox 360 3540 1378 3616; baseline 0.001 -19"><span class='ocrx_word' id='word_1_265' title='bbox 360 3540 541 3599; x_wconf 88' lang='lat' dir='ltr'><strong>Alcuiniena</strong></span> <span class='ocrx_word' id='word_1_266' title='bbox 564 3558 652 3615; x_wconf 86' lang='lat' dir='ltr'><strong>saepe</strong></span> <span class='ocrx_word' id='word_1_267' title='bbox 675 3540 793 3613; x_wconf 76' lang='lat' dir='ltr'><strong>accidit,</strong></span> <span class='ocrx_word' id='word_1_268' title='bbox 817 3559 853 3598; x_wconf 86' lang='lat' dir='ltr'><strong>ex</strong></span> <span class='ocrx_word' id='word_1_269' title='bbox 872 3540 985 3616; x_wconf 86' lang='lat' dir='ltr'><strong>Anglia</strong></span> <span class='ocrx_word' id='word_1_270' title='bbox 1007 3542 1040 3598; x_wconf 91' lang='lat' dir='ltr'><strong>in</strong></span> <span class='ocrx_word' id='word_1_271' title='bbox 1062 3540 1221 3598; x_wconf 73' lang='lat' dir='ltr'><strong>branciam</strong></span> <span class='ocrx_word' id='word_1_272' title='bbox 1243 3540 1378 3598; x_wconf 91' lang='lat' dir='ltr'><strong>delatum</strong></span> 
     </span>
     <span class='ocr_line' id='line_1_36' title="bbox 362 3628 1377 3706; baseline 0 -19"><span class='ocrx_word' id='word_1_273' title='bbox 362 3647 425 3688; x_wconf 88' lang='lat' dir='ltr'><strong>esse</strong></span> <span class='ocrx_word' id='word_1_274' title='bbox 448 3632 594 3706; x_wconf 88' lang='lat' dir='ltr'><strong>putemus.</strong></span> <span class='ocrx_word' id='word_1_275' title='bbox 641 3629 749 3688; x_wconf 89' lang='lat' dir='ltr'><strong>desunt</strong></span> <span class='ocrx_word' id='word_1_276' title='bbox 772 3630 803 3686; x_wconf 91' lang='lat' dir='ltr'><strong>in</strong></span> <span class='ocrx_word' id='word_1_277' title='bbox 826 3628 1027 3688; x_wconf 87' lang='lat' dir='ltr'><strong>Laurentiano</strong></span> <span class='ocrx_word' id='word_1_278' title='bbox 1051 3629 1121 3687; x_wconf 91' lang='lat' dir='ltr'><strong>libri</strong></span> <span class='ocrx_word' id='word_1_279' title='bbox 1145 3630 1247 3703; x_wconf 90' lang='lat' dir='ltr'><strong>quarti</strong></span> <span class='ocrx_word' id='word_1_280' title='bbox 1273 3647 1377 3689; x_wconf 89' lang='lat' dir='ltr'><strong>versus</strong></span> 
     </span>
     <span class='ocr_line' id='line_1_37' title="bbox 349 3716 1380 3795; baseline 0.006 -25"><span class='ocrx_word' id='word_1_281' title='bbox 349 3719 530 3775; x_wconf 73' lang='grc'><em>386-621</em></span> <span class='ocrx_word' id='word_1_282' title='bbox 566 3736 676 3795; x_wconf 83' lang='lat' dir='ltr'><strong>eosque</strong></span> <span class='ocrx_word' id='word_1_283' title='bbox 709 3737 746 3778; x_wconf 94' lang='lat' dir='ltr'><strong>ne</strong></span> <span class='ocrx_word' id='word_1_284' title='bbox 778 3719 811 3777; x_wconf 90' lang='lat' dir='ltr'><strong>in</strong></span> <span class='ocrx_word' id='word_1_285' title='bbox 844 3718 1005 3794; x_wconf 81' lang='lat' dir='ltr'><strong>archetypo</strong></span> <span class='ocrx_word' id='word_1_286' title='bbox 1038 3716 1158 3793; x_wconf 89' lang='lat' dir='ltr'><strong>quidem</strong></span> <span class='ocrx_word' id='word_1_287' title='bbox 1190 3718 1283 3776; x_wconf 88' lang='lat' dir='ltr'><strong>fuisse</strong></span> <span class='ocrx_word' id='word_1_288' title='bbox 1310 3718 1380 3777; x_wconf 89' lang='lat' dir='ltr'><strong>ideo</strong></span> 
     </span>
     <span class='ocr_line' id='line_1_38' title="bbox 323 3801 1384 3887; baseline 0.014 -37"><span class='ocrx_word' id='word_1_289' title='bbox 323 3801 533 3863; x_wconf 77' lang='lat' dir='ltr'><strong>statuendum</strong></span> <span class='ocrx_word' id='word_1_290' title='bbox 563 3811 625 3886; x_wconf 82' lang='lat' dir='ltr'><strong>cst,</strong></span> <span class='ocrx_word' id='word_1_291' title='bbox 656 3809 733 3886; x_wconf 82' lang='lat' dir='ltr'><strong>quia</strong></span> <span class='ocrx_word' id='word_1_292' title='bbox 761 3808 909 3871; x_wconf 86' lang='lat' dir='ltr'><strong>librarius</strong></span> <span class='ocrx_word' id='word_1_293' title='bbox 937 3809 1074 3887; x_wconf 85' lang='lat' dir='ltr'><strong>spatium</strong></span> <span class='ocrx_word' id='word_1_294' title='bbox 1096 3806 1238 3881; x_wconf 63' lang='lat' dir='ltr'><strong>relidunt,</strong></span> <span class='ocrx_word' id='word_1_295' title='bbox 1257 3806 1384 3865; x_wconf 72' lang='lat' dir='ltr'><strong>breuius</strong></span> 
     </span>
    </p>
   </div>
   <div class='ocr_carea' id='block_1_4' title="bbox 0 0 1643 4350">
    <p class='ocr_par' dir='ltr' id='par_1_4' title="bbox 0 0 1643 4350">
     <span class='ocr_line' id='line_1_39' title="bbox 0 0 1643 4350; baseline 0 0"><span class='ocrx_word' id='word_1_296' title='bbox 0 0 1643 4350; x_wconf 95' lang='lat' dir='ltr'><strong> </strong></span> 
     </span>
    </p>
   </div>
  </div>
 </body>
</html>
