3250 4350
672 421 855 478 AENEIDOS
873 423 899 477 Π
960 431 962 434 ⁴
1229 421 1296 486 233

274 590 356 650 ferre
383 609 443 649 non
470 592 590 666 alienu,
618 591 670 651 sed
694 593 825 668 propriis
849 591 1038 653 adminiculis
1060 594 1199 668 possuut3
1230 593 1296 667 ipse

275 682 358 738 enim
380 683 506 757 nouerat
529 699 560 740 se
584 680 712 740 debilem
736 700 806 740 esse.
843 681 917 740 haee
940 682 1042 741 omnia
1065 700 1141 756 quae
1164 681 1223 740 sibi
1245 680 1295 740 de-

275 771 364 827 erant
387 772 417 828 et
439 773 615 846 supererant
642 770 711 830 aliis
739 769 829 844 dixit,
856 771 952 829 tacuit
974 774 1076 829 tamen
1098 770 1195 829 multa
1218 771 1296 829 vitia

275 860 451 934 senectutis,
480 861 553 934 quia
578 859 699 919 fixerant
725 859 758 918 iu
786 862 904 934 aperto,
931 861 961 918 et
988 859 1135 934 conpletis
1158 858 1295 918 omnibns
1325 879 1327 884 ·

245 966 356 1023 squas
378 948 411 1006 in
433 948 591 1020 iuvenibus
614 968 674 1008 non
697 948 821 1008 deerant
843 947 918 1008 dicit
940 949 1036 1024 partis
1060 966 1142 1007 suas:
1171 967 1225 1025 ego
1248 949 1295 1006 fu-

275 1055 348 1113 gere
375 1055 429 1096 nec
453 1037 545 1102 debeo
569 1056 624 1097 nec
645 1055 767 1113 possum
789 1055 844 1097 nec
867 1037 906 1097 ad
928 1037 1101 1114 fugiendum
1125 1036 1220 1099 habeo
1242 1056 1295 1096 vo·

275 1125 435 1200 luntatem,
454 1130 537 1186 aetas
555 1127 629 1186 tulit
647 1126 725 1202 quod
740 1144 858 1202 possem
876 1127 1003 1187 forsitan
1022 1127 1108 1199 velle,
1125 1129 1229 1185 tenent
1247 1145 1295 1185 me

275 1217 411 1274 extrema
437 1217 554 1291 patriae
583 1219 613 1274 et
640 1217 744 1274 futura
770 1218 880 1275 terrori
902 1219 980 1274 sunt.
1026 1233 1072 1275 me
1093 1217 1120 1274 si
1143 1217 1295 1275 caunum

273 1304 435 1363 coluissent
456 1305 560 1364 ducere
582 1307 682 1372 odom,
705 1306 761 1364 bos
782 1307 856 1364 miti
876 1309 1043 1364 serumsent
1062 1306 1157 1364 sedes:
1180 1307 1295 1380 aperte,

230 1415 259 1454 ro
274 1395 386 1468 inquit,
409 1395 580 1452 coniectura
603 1395 711 1472 colligo
734 1394 865 1453 invisum
887 1414 935 1454 me
958 1413 1020 1454 esse
1043 1394 1224 1454 numinibus.
1269 1395 1295 1453 si

274 1483 357 1540 enim
384 1482 570 1542 vellent'me
598 1483 694 1542 adhuc
721 1485 835 1558 vivere,
868 1486 1037 1543 servassent
1068 1484 1131 1542 seni
1162 1483 1295 1558 patriam

273 1571 384 1645 sedem,
408 1591 498 1647 quem
521 1575 639 1632 constat
661 1573 763 1632 locum
784 1575 901 1631 mutare
925 1591 985 1633 non
1006 1591 1102 1648 posse.
1138 1575 1212 1632 sutis
1231 1591 1295 1631 urio

272 1677 419 1733 superque
437 1662 565 1720 uidimus
583 1663 696 1722 excidia
715 1666 742 1720 et
759 1665 862 1735 captae
878 1665 1084 1735 superavimus
1098 1663 1180 1721 urbi:
1198 1663 1294 1722 scelus

273 1752 321 1808 est
352 1750 484 1825 patriam
515 1750 626 1811 vidisse
656 1754 832 1827 pereuntem
863 1754 894 1808 et
921 1750 1007 1810 dolor
1033 1753 1185 1810 inmensus
1214 1751 1295 1825 quod

231 1858 259 1899 rs
273 1841 346 1914 post
372 1840 437 1898 aius
465 1838 562 1899 adbuc
589 1841 745 1900 interitum
772 1841 903 1901 vivimus
931 1843 962 1898 et
985 1839 1082 1900 adhuc
1105 1839 1142 1898 de
1165 1840 1293 1900 vivendo

273 1929 450 2006 cogitamus.
487 1932 529 1989 sic
552 1946 577 1998 o,
600 1932 643 1989 sic
659 1930 911 2004 positumcdfuti
933 1929 1069 1990 discedite
1091 1946 1211 2002 corpus:
1233 1949 1294 1989 non

272 2017 531 2097 dixit-bominem
557 2020 675 2095 rivum,
704 2019 756 2079 sed
783 2038 906 2095 comus,
933 2020 1039 2094 utpote
1066 2019 1129 2077 eius
1157 2020 1211 2094 qui
1233 2037 1293 2077 non

271 2106 409 2182 vivendi,
441 2107 494 2166 sed
524 2107 671 2167 moriendi
703 2108 850 2168 desiderio
882 2108 1047 2167 duceretur.
1097 2110 1161 2183 ipse
1191 2115 1346 2168 mannetis

271 2200 395 2255 mortem
416 2200 575 2267 tacentem,
592 2200 776 2258 miserebitur
793 2200 884 2258 bostis
902 2200 1078 2273 exuuiasque
1090 2202 1175 2272 petet,
1195 2199 1293 2272 facilis

231 2306 258 2345 ao
271 2288 391 2345 iactura
408 2288 569 2363 sepulchri:
591 2287 746 2363 respondit
768 2287 906 2349 omnibus
929 2306 1006 2363 quae
1029 2287 1088 2347 sibi
1111 2287 1189 2347 obici
1210 2307 1225 2344 e
1249 2287 1292 2344 di·

271 2393 359 2433 verso
387 2378 559 2451 potuerunt.
606 2379 659 2436 aut
687 2396 741 2454 ego
769 2397 831 2451 me,
858 2377 971 2453 inquit,
999 2376 1133 2437 occidam
1156 2381 1291 2436 autnon

272 2463 369 2523 deerit
396 2466 450 2539 qui
476 2464 567 2525 feriat
589 2469 632 2541 et,
660 2468 688 2525 si
708 2466 914 2526 misericordia
936 2466 1043 2526 ductus
1066 2467 1145 2525 solas
1169 2468 1292 2524 exuvias

271 2554 374 2627 tollet,
401 2554 450 2612 vel
478 2554 503 2612 si
530 2573 700 2614 remansero
727 2555 909 2631 insepultus,
938 2558 1056 2614 iactura
1078 2557 1139 2613 ista
1161 2574 1209 2613 me
1232 2573 1291 2612 non

271 2643 431 2717 sollieitat3
452 2643 542 2702 facile
564 2645 644 2703 enim
667 2646 869 2704 contemnitur
891 2644 971 2720 quod
992 2646 1061 2720 post
1080 2643 1192 2702 exitum
1210 2645 1291 2703 vitae

231 2752 256 2792 ss
270 2750 331 2790 non
357 2732 449 2790 sentit
472 2734 624 2793 exanimis.
669 2736 731 2793 iem
747 2734 867 2806 pridem
888 2736 1002 2792 inuisus
1025 2734 1102 2791 diois
1126 2737 1153 2791 et
1177 2732 1292 2790 inutilis

270 2837 369 2880 annos
396 2821 537 2890 demorer,
566 2840 600 2881 en
627 2840 684 2897 quo
710 2840 756 2881 me
783 2824 885 2881 cliuum
906 2827 994 2895 pater
1026 2827 1111 2896 utque
1142 2823 1292 2879 bominum

270 2927 323 2969 reu
346 2910 484 2983 fulminis
506 2912 632 2983 adflavit
652 2914 744 2971 uentis
768 2916 795 2971 et
817 2913 935 2985 contipit
955 2914 1032 2986 ipni:
1064 2912 1138 2971 olim
1160 2914 1219 2985 est,
1245 2910 1290 2969 in·

270 2998 348 3073 quit,
374 2998 454 3074 quod
477 3002 565 3076 cupio
588 3002 666 3059 mori
688 3003 787 3076 prima
806 3003 950 3059 existente
968 3001 1104 3059 fulminis
1123 3018 1212 3058 causa
1232 3018 1292 3075 qua

344 3176 360 3222 2
380 3170 457 3223 serleb
477 3186 540 3223 cum
559 3170 651 3238 spatio
671 3170 768 3224 decem
786 3169 846 3223 fere
864 3170 1025 3224 litterarum
1042 3188 1070 3224 se
1088 3172 1149 3224 dibi
1161 3170 1187 3222 R
1205 3186 1232 3223 se
1246 3170 1291 3223 de·

269 3241 352 3297 bilem
370 3258 385 3293 r
403 3257 431 3294 se
448 3240 474 3295 d.
494 3258 549 3295 esse
566 3258 618 3296 nos
635 3258 663 3295 se
682 3242 851 3308 defecturum
868 3242 912 3296 ed.
1019 3247 1036 3295 3
1054 3248 1221 3311 superarunt
1238 3240 1292 3293 LR

268 3318 434 3382 supereraut
451 3330 466 3365 r
484 3313 527 3365 ed.
583 3317 600 3365 4
618 3318 668 3366 tuu
686 3314 780 3379 fuerat
797 3312 819 3365 L
838 3330 894 3380 qua
911 3313 1043 3379 fuerutR
1061 3316 1128 3381 quie
1145 3314 1291 3379 fueruntr

268 3401 321 3437 suu
342 3400 412 3452 puae
430 3384 451 3448 f.
471 3383 513 3437 ed.
541 3384 545 3454 l
579 3384 710 3451 conpletis
728 3383 781 3436 LR
799 3385 946 3453 complexas
964 3384 1007 3437 ed.
1027 3383 1062 3439 cf.
1083 3389 1143 3438 298.
1224 3386 1291 3436 tin

269 3454 485 3510 iuuenibusLR
503 3456 535 3509 in
553 3454 690 3525 expunxit
708 3472 729 3509 r.
802 3456 984 3509 Scoeliculoe
998 3455 1058 3509 LR.
1133 3462 1166 3509 12
1185 3460 1292 3508 constat

268 3525 455 3581 Leonatabat
471 3526 504 3579 Pu.
597 3531 630 3581 18
648 3543 732 3595 super
750 3528 862 3581 animus
880 3526 939 3579 LR.
1027 3533 1061 3581 20
1079 3528 1220 3595 sepulchro
1239 3525 1291 3578 Lll

268 3599 388 3666 propter
405 3599 560 3666 insepultus
574 3599 684 3653 iocinera
698 3600 754 3652 istu
768 3597 1012 3665 interpretationis
1030 3599 1167 3667 sepulchri
1180 3598 1290 3667 scripsi,

269 3684 444 3793 qppimtppm
462 3670 606 3795 sezpplcbrpot
622 3669 679 3793 ide.
699 3670 731 3722 in
749 3669 1143 3796 {em'ffibnfflrmmm
1163 3688 1225 3795 1102}
1244 3685 1291 3725 ex-

269 3756 348 3793 cn1
414 3755 428 3794 a
523 3757 581 3795 me
626 3756 669 3794 e.
805 3757 818 3793 e
1011 3758 1069 3795 uon
1086 3760 1108 3796 r.
1244 3759 1289 3797 es·

269 3814 384 3866 animus
402 3756 481 3880 edwi
505 3812 617 3866 inutiles
634 3811 695 3867 LR.
