3250 4350
363 422 406 485 92
643 421 783 476 DONATI
800 422 970 476 INTERPR.
988 421 1098 483 VERG.

363 592 468 651 tulisse
492 592 606 665 oculos,
633 595 667 649 ut
691 591 809 669 singula
833 591 1041 651 consideraret.
1087 610 1142 650 nec
1166 591 1266 650 minus
1289 593 1372 650 etiam

363 680 441 738 illud
468 681 568 738 fuerat
595 672 760 757 cognitioni
782 681 987 756 praecurrenti
1010 681 1222 755 necessarium,
1250 683 1285 739 ut
1312 699 1372 739 con-

364 769 480 828 diturus
504 771 597 828 etiam
618 771 683 844 ipse
707 769 863 828 civitatem
886 789 994 828 novam
1018 769 1187 829 adverteret
1209 774 1323 846 quanto
1346 769 1374 827 id

363 859 464 918 labore
483 861 641 918 constaret.
679 858 886 918 considerabat
905 860 994 917 etiam
1015 858 1097 919 urbis
1112 859 1196 918 illius
1218 860 1374 931 fortunam,

364 966 445 1023 quae>
469 947 610 1025 surgebat
636 940 752 1024 ingenti
780 947 949 1007 substantia
977 951 1007 1005 et
1033 947 1257 1022 pulchritudine
1283 949 1400 1024 operiss

364 1056 399 1095 ac
432 1036 575 1095 firmitate
612 1036 736 1095 visentis
772 1036 913 1112 placebat
948 1037 1125 1112 aspectibus.
1172 1035 1375 1112 artificumque

362 1144 469 1184 manns
500 1126 579 1184 inter
611 1144 655 1184 se:
696 1128 783 1184 tanta
815 1127 949 1184 omnium
981 1127 1092 1184 artium
1123 1127 1155 1184 in
1185 1125 1240 1185 illo
1268 1126 1375 1201 templo

363 1217 503 1274 venustas
531 1213 665 1287 extabat,
697 1217 732 1272 ut
763 1215 883 1274 intuens
911 1215 1025 1273 nullam
1053 1215 1121 1274 aliis
1148 1216 1301 1290 praeferre
1329 1233 1376 1291 po-

363 1306 485 1377 tuisset,
512 1305 557 1362 ita
586 1322 686 1362 omnes
714 1305 829 1378 pariter
855 1323 917 1363 una
944 1306 1043 1380 gratia
1069 1306 1100 1362 et
1121 1305 1189 1378 pari
1211 1303 1376 1363 subtilitate

364 1392 528 1451 certabant.
568 1392 716 1468 descripta
738 1392 945 1470 magnitudine
969 1395 1067 1469 operis
1090 1395 1121 1451 et
1142 1392 1321 1452 fortitudine
1344 1391 1404 1452 edu

364 1484 503 1540 ornatum
536 1485 566 1540 et
597 1481 850 1556 pulchritudinem
882 1484 1005 1557 transit,
1037 1485 1073 1540 ut
1102 1483 1235 1556 picturas
1264 1500 1377 1558 quoqne

364 1573 525 1629 enumeret.
562 1571 614 1629 sed
632 1570 769 1644 miratur,
788 1588 857 1628 cum
876 1572 967 1630 semel
985 1571 1026 1631 sit
1043 1573 1183 1646 positum,
1200 1590 1263 1631 non
1282 1571 1377 1642 semel,
1419 1584 1420 1597 ¹

364 1660 416 1718 sed
443 1659 562 1735 saepius
590 1659 677 1718 debet
704 1659 821 1718 adverti
848 1661 904 1719 hoc
931 1652 1033 1719 modo:
1066 1660 1137 1718 dum
1159 1679 1237 1736 qnae
1260 1661 1378 1719 fortuna

363 1751 405 1808 sit
423 1748 491 1806 urbi
508 1750 637 1806 miratur
660 1748 866 1824 artificumque
885 1767 991 1807 manus
1009 1750 1089 1807 inter
1107 1768 1138 1808 se
1156 1750 1295 1823 miratur,
1315 1767 1377 1826 ope·

362 1858 430 1895 rum
458 1838 590 1897 laborem
622 1838 758 1896 miratur.
809 1839 888 1896 videt
913 1838 1031 1896 Iliacas
1063 1853 1100 1896 ecc
1131 1839 1234 1896 ordine
1261 1855 1407 1913 perpauca

362 1925 511 2000 [belloque
537 1929 599 1985 tom
626 1928 710 2000 famo
738 1931 827 1984 toturn
853 1929 974 2000 culpato
995 1945 1053 2000 per
1080 1925 1207 2002 orbemJ:
1241 1926 1314 1986 dum
1339 1928 1378 1986 la·

363 2016 482 2075 boriosa
505 2015 691 2074 diversorum
715 2034 839 2090 operum
857 2018 887 2074 et
905 2016 1104 2075 subtilitatem
1124 2017 1314 2092 singularum
1337 2035 1378 2074 ar·

363 2107 440 2162 tium
463 2105 591 2162 miratur
603 2108 644 2162 >et
668 2105 740 2180 quid
761 2107 903 2181 ageretur
920 2105 1064 2182 explorat,
1084 2105 1214 2163 advertit
1232 2107 1379 2182 picturam

363 2197 580 2253 monstrantem
603 2194 711 2253 Iliacas
734 2213 851 2271 pugnas
874 2195 1012 2270 bellaque
1042 2214 1170 2269 quorum
1197 2197 1302 2269 opinio
1330 2215 1379 2270 per

363 2286 460 2341 totum
489 2283 590 2341 orbem
618 2284 717 2342 fuerat
744 2284 882 2361 vulgata,
913 2303 982 2341 nam
1006 2303 1065 2342 non
1087 2286 1297 2361 pingerentur,
1325 2286 1409 2342 nisio

365 2374 435 2447 quia
468 2374 560 2431 etiam
593 2373 631 2430 ad
661 2375 743 2447 ipsas
774 2372 871 2447 partis
903 2372 984 2430 fama
1013 2377 1147 2431 currente
1175 2379 1378 2448 pervenerant.

364 2462 416 2520 sed
448 2461 663 2520 consideranda
695 2464 741 2521 est
773 2463 870 2536 primo
900 2463 945 2520 vis
974 2461 1107 2520 dicentis.
1154 2462 1246 2536 vidit,
1274 2464 1379 2540 inquit,

363 2570 479 2628 pugnas
504 2545 642 2625 bellaque
664 2552 746 2608 fama
769 2570 822 2625 per
844 2553 942 2608 totum
965 2551 1066 2608 orbem
1093 2551 1232 2627 vulgata,
1260 2554 1297 2609 ut
1323 2570 1379 2609 non

364 2641 460 2698 solum
492 2641 650 2698 interitum
678 2640 785 2698 Troiae
818 2642 899 2697 totus
931 2639 1011 2697 orbis
1042 2642 1244 2715 cognovisset,
1278 2659 1379 2699 verum

365 2730 456 2786 etiam
480 2730 546 2803 quis
570 2731 600 2785 et
620 2729 869 2803 quemadmodum
889 2730 919 2785 et
938 2747 996 2802 quo
1016 2732 1126 2786 eventu
1144 2732 1298 2788 certasset.
1334 2730 1410 2786 hicn

364 2837 465 2875 versus
480 2819 714 2893 propositionem
729 2821 811 2875 tenet
830 2818 948 2875 futurae
968 2817 1192 2892 descriptionis3·
1209 2820 1379 2877 ostensurus

365 2910 410 2964 est
441 2908 520 2964 enim
549 2907 622 2981 quid
650 2908 711 2964 sint
738 2925 870 2983 pugnae,
904 2906 976 2980 quid
1004 2907 1065 2963 sint
1091 2898 1184 2965 bella:
1222 2910 1379 2983 utrumque

365 2997 444 3051 enim
467 2999 618 3053 certamen
640 2996 748 3054 hostile
767 2995 926 3072 significat,
945 2994 1095 3053 diversum
1112 2998 1215 3053 tamen
1229 2995 1379 3073 Vergilius

365 3084 495 3141 ostendit
523 3104 537 3140 e
567 3084 684 3143 diverso
712 3102 818 3161 genere
841 3083 914 3141 fieri.
960 3083 1070 3141 bellum
1097 3086 1208 3160 quippe
1232 3083 1378 3162 estquod

364 3175 444 3231 inter
469 3174 614 3247 plurimos
642 3175 769 3250 geritur,
798 3192 899 3250 pugna
927 3191 1002 3247 quae
1029 3175 1109 3231 inter
1136 3173 1210 3232 duos
1239 3173 1378 3250 agitatur.
1391 3189 1412 3230 se

366 3262 402 3318 ad
426 3263 548 3320 eandem
572 3263 806 3337 propositionem
828 3263 959 3335 pertinet
981 3260 1107 3320 Atridas
1125 3262 1380 3337 Pricmccnqceet

364 3368 484 3408 scevam
510 3352 649 3409 ambobus
676 3350 833 3410 Achillem:
866 3351 993 3425 denique
1022 3350 1101 3425 quod
1131 3350 1176 3409 ait
1203 3351 1300 3426 videt,
1328 3369 1378 3426 pro

365 3440 482 3514 saepius
502 3440 581 3498 dicto
601 3440 806 3514 accipiendum
826 3444 879 3513 est,
893 3443 928 3498 ut
946 3439 986 3497 sit
1004 3440 1086 3499 videt
1100 3440 1209 3499 lliacas
1229 3460 1265 3498 ex
1280 3441 1378 3500 ordine

438 3597 451 3642 1
472 3597 503 3643 ct
522 3606 574 3645 om.
587 3591 630 3646 ed.
688 3597 703 3643 2
722 3594 876 3661 cognitione
889 3599 1084 3660 praecurrente
1102 3591 1155 3644 LR
1174 3591 1217 3645 ed.
1279 3598 1311 3647 16
1331 3592 1377 3646 tel·

353 3661 583 3726 laque—crbem
604 3664 685 3718 deest
704 3663 733 3717 in
748 3663 808 3731 LR,
828 3663 877 3716 sed
897 3661 1062 3731 explicatur.
1119 3669 1151 3716 21
1172 3664 1256 3718 ettam
1274 3662 1376 3718 omed.

397 3736 436 3781 23
455 3734 584 3805 bellaque
602 3738 657 3792 th
678 3738 744 3794 beili
764 3754 835 3808 qaue
855 3735 899 3790 ed.
927 3737 936 3803 t
963 3735 1075 3805 culpato
1089 3734 1145 3787 uu
1160 3751 1185 3787 o.
1204 3735 1345 3790 created.

325 3801 367 3847 29
385 3808 415 3853 et
427 3800 544 3865 deterso
560 3811 618 3867 ΕΗ
633 3829 709 3868 0011,
718 3812 765 3870 ed,
825 3817 862 3866 32
884 3809 1001 3877 denique
1012 3812 1128 3872 ΔΜ
1144 3806 1272 3858 Achillem
1283 3804 1380 3858 omed.
