<?xml version="1.0" encoding="UTF-8"?>
<!DOCTYPE html PUBLIC "-//W3C//DTD XHTML 1.0 Transitional//EN"
    "http://www.w3.org/TR/xhtml1/DTD/xhtml1-transitional.dtd">
<html xmlns="http://www.w3.org/1999/xhtml" xml:lang="en" lang="en">
 <head>
  <title>
</title>
<meta http-equiv="Content-Type" content="text/html;charset=utf-8" />
  <meta name='ocr-system' content='tesseract 3.04.00' />
  <meta name='ocr-capabilities' content='ocr_page ocr_carea ocr_par ocr_line ocrx_word'/>
</head>
<body>
  <div class='ocr_page' id='page_1' title='image "./tibericlaudidon01georgoog_0193.png"; bbox 0 0 3250 4350; ppageno 0'>
   <div class='ocr_carea' id='block_1_1' title="bbox 680 441 1294 509">
    <p class='ocr_par' dir='ltr' id='par_1_1' title="bbox 680 441 1294 509">
     <span class='ocr_line' id='line_1_1' title="bbox 680 441 1294 509; baseline 0 -11"><span class='ocrx_word' id='word_1_1' title='bbox 680 441 863 500; x_wconf 78' lang='lat' dir='ltr'>AENEIDOS</span> <span class='ocrx_word' id='word_1_2' title='bbox 881 445 894 498; x_wconf 93' lang='lat' dir='ltr'>I</span> <span class='ocrx_word' id='word_1_3' title='bbox 1232 445 1294 509; x_wconf 88' lang='lat'>139</span> 
     </span>
    </p>
   </div>
   <div class='ocr_carea' id='block_1_2' title="bbox 231 611 1345 3184">
    <p class='ocr_par' dir='ltr' id='par_1_2' title="bbox 231 611 1345 3184">
     <span class='ocr_line' id='line_1_2' title="bbox 272 611 1295 689; baseline -0.001 -17"><span class='ocrx_word' id='word_1_4' title='bbox 272 629 331 687; x_wconf 80' lang='lat' dir='ltr'>qne</span> <span class='ocrx_word' id='word_1_5' title='bbox 358 613 464 672; x_wconf 72' lang='lat' dir='ltr'>aaa</span> <span class='ocrx_word' id='word_1_6' title='bbox 486 613 647 673; x_wconf 74' lang='lat' dir='ltr'><em>Phoenissa</em></span> <span class='ocrx_word' id='word_1_7' title='bbox 674 617 701 672; x_wconf 89' lang='lat' dir='ltr'>et</span> <span class='ocrx_word' id='word_1_8' title='bbox 719 614 838 688; x_wconf 88' lang='lat' dir='ltr'>pariter</span> <span class='ocrx_word' id='word_1_9' title='bbox 855 631 949 688; x_wconf 88' lang='lat' dir='ltr'>pnero</span> <span class='ocrx_word' id='word_1_10' title='bbox 972 615 1112 687; x_wconf 79' lang='lat' dir='ltr'>donispne</span> <span class='ocrx_word' id='word_1_11' title='bbox 1132 611 1295 689; x_wconf 78' lang='lat' dir='ltr'>noednrJ:</span> 
     </span>
     <span class='ocr_line' id='line_1_3' title="bbox 272 701 1294 779; baseline 0.002 -19"><span class='ocrx_word' id='word_1_12' title='bbox 272 719 345 760; x_wconf 91' lang='lat' dir='ltr'>cum</span> <span class='ocrx_word' id='word_1_13' title='bbox 367 701 475 777; x_wconf 86' lang='lat' dir='ltr'>omnis,</span> <span class='ocrx_word' id='word_1_14' title='bbox 495 702 607 779; x_wconf 84' lang='lat' dir='ltr'>inquit,</span> <span class='ocrx_word' id='word_1_15' title='bbox 628 704 744 761; x_wconf 91' lang='lat' dir='ltr'>teneret</span> <span class='ocrx_word' id='word_1_16' title='bbox 767 701 936 778; x_wconf 78' lang='lat' dir='ltr'>admiratio,</span> <span class='ocrx_word' id='word_1_17' title='bbox 959 704 1025 762; x_wconf 89' lang='lat' dir='ltr'>tum</span> <span class='ocrx_word' id='word_1_18' title='bbox 1047 722 1118 764; x_wconf 86' lang='lat' dir='ltr'>vero</span> <span class='ocrx_word' id='word_1_19' title='bbox 1136 703 1294 778; x_wconf 75' lang='lat' dir='ltr'><strong>Didonem,</strong></span> 
     </span>
     <span class='ocr_line' id='line_1_4' title="bbox 273 790 1293 870; baseline 0.001 -20"><span class='ocrx_word' id='word_1_20' title='bbox 273 809 353 867; x_wconf 87' lang='lat' dir='ltr'>qnae</span> <span class='ocrx_word' id='word_1_21' title='bbox 380 809 442 850; x_wconf 90' lang='lat' dir='ltr'>non</span> <span class='ocrx_word' id='word_1_22' title='bbox 468 790 637 851; x_wconf 71' lang='lat' dir='ltr'>satiabatur</span> <span class='ocrx_word' id='word_1_23' title='bbox 662 791 804 867; x_wconf 85' lang='lat' dir='ltr'>videndo,</span> <span class='ocrx_word' id='word_1_24' title='bbox 836 791 889 851; x_wconf 84' lang='lat' dir='ltr'>sed</span> <span class='ocrx_word' id='word_1_25' title='bbox 915 810 1025 870; x_wconf 79' lang='lat' dir='ltr'>magna</span> <span class='ocrx_word' id='word_1_26' title='bbox 1057 792 1293 852; x_wconf 73' lang='lat' dir='ltr'><strong>consideratione</strong></span> 
     </span>
     <span class='ocr_line' id='line_1_5' title="bbox 273 879 1293 957; baseline 0.003 -20"><span class='ocrx_word' id='word_1_27' title='bbox 273 879 429 941; x_wconf 84' lang='lat' dir='ltr'>nutriebat</span> <span class='ocrx_word' id='word_1_28' title='bbox 455 879 626 940; x_wconf 76' lang='lat' dir='ltr'>incendium</span> <span class='ocrx_word' id='word_1_29' title='bbox 653 880 789 940; x_wconf 83' lang='lat' dir='ltr'><strong>sensibus</strong></span> <span class='ocrx_word' id='word_1_30' title='bbox 816 881 892 957; x_wconf 90' lang='lat' dir='ltr'>suis,</span> <span class='ocrx_word' id='word_1_31' title='bbox 920 881 999 956; x_wconf 85' lang='lat' dir='ltr'>quod</span> <span class='ocrx_word' id='word_1_32' title='bbox 1027 881 1127 940; x_wconf 85' lang='lat' dir='ltr'>fuerat</span> <span class='ocrx_word' id='word_1_33' title='bbox 1149 883 1293 957; x_wconf 88' lang='lat' dir='ltr'>peritura.</span> 
     </span>
     <span class='ocr_line' id='line_1_6' title="bbox 245 968 1293 1046; baseline -0.003 -14"><span class='ocrx_word' id='word_1_34' title='bbox 245 968 405 1032; x_wconf 70' lang='lat' dir='ltr'>sardnait</span> <span class='ocrx_word' id='word_1_35' title='bbox 426 969 540 1029; x_wconf 85' lang='lat' dir='ltr'>tuendo</span> <span class='ocrx_word' id='word_1_36' title='bbox 561 988 580 1028; x_wconf 90' lang='lat' dir='ltr'>a</span> <span class='ocrx_word' id='word_1_37' title='bbox 599 971 748 1030; x_wconf 86' lang='lat' dir='ltr'>contrario</span> <span class='ocrx_word' id='word_1_38' title='bbox 766 972 881 1046; x_wconf 83' lang='lat' dir='ltr'>posuit3</span> <span class='ocrx_word' id='word_1_39' title='bbox 905 970 1102 1030; x_wconf 77' lang='lat' dir='ltr'><strong>consideratio</strong></span> <span class='ocrx_word' id='word_1_40' title='bbox 1121 972 1201 1029; x_wconf 90' lang='lat' dir='ltr'>enim</span> <span class='ocrx_word' id='word_1_41' title='bbox 1219 972 1293 1029; x_wconf 89' lang='lat' dir='ltr'>satis</span> 
     </span>
     <span class='ocr_line' id='line_1_7' title="bbox 272 1057 1292 1135; baseline 0.001 -19"><span class='ocrx_word' id='word_1_42' title='bbox 272 1058 394 1117; x_wconf 89' lang='lat' dir='ltr'>intenta</span> <span class='ocrx_word' id='word_1_43' title='bbox 414 1057 572 1117; x_wconf 85' lang='lat' dir='ltr'>fastidium</span> <span class='ocrx_word' id='word_1_44' title='bbox 589 1078 694 1135; x_wconf 88' lang='lat' dir='ltr'>parere</span> <span class='ocrx_word' id='word_1_45' title='bbox 714 1058 808 1134; x_wconf 83' lang='lat' dir='ltr'>debet,</span> <span class='ocrx_word' id='word_1_46' title='bbox 828 1078 888 1118; x_wconf 90' lang='lat' dir='ltr'>nan</span> <span class='ocrx_word' id='word_1_47' title='bbox 905 1059 1084 1135; x_wconf 81' lang='lat' dir='ltr'>inexplebile</span> <span class='ocrx_word' id='word_1_48' title='bbox 1103 1058 1292 1118; x_wconf 87' lang='lat' dir='ltr'>desiderium.</span> 
     </span>
     <span class='ocr_line' id='line_1_8' title="bbox 270 1145 1345 1222; baseline -0.003 -17"><span class='ocrx_word' id='word_1_49' title='bbox 270 1148 323 1206; x_wconf 80' lang='lat' dir='ltr'>ilie</span> <span class='ocrx_word' id='word_1_50' title='bbox 354 1148 407 1206; x_wconf 84' lang='lat' dir='ltr'>nbi</span> <span class='ocrx_word' id='word_1_51' title='bbox 438 1149 579 1222; x_wconf 82' lang='lat' dir='ltr'>conptenn</span> <span class='ocrx_word' id='word_1_52' title='bbox 609 1145 727 1208; x_wconf 82' lang='lat' dir='ltr'>Aeneae</span> <span class='ocrx_word' id='word_1_53' title='bbox 763 1148 890 1222; x_wconf 73' lang='lat' dir='ltr'>collapsa</span> <span class='ocrx_word' id='word_1_54' title='bbox 921 1149 1075 1222; x_wconf 75' lang='lat' dir='ltr'>pependit:</span> <span class='ocrx_word' id='word_1_55' title='bbox 1112 1148 1204 1206; x_wconf 88' lang='lat' dir='ltr'>etiam</span> <span class='ocrx_word' id='word_1_56' title='bbox 1234 1148 1345 1206; x_wconf 75' lang='lat' dir='ltr'>hicira</span> 
     </span>
     <span class='ocr_line' id='line_1_9' title="bbox 270 1236 1294 1315; baseline 0 -20"><span class='ocrx_word' id='word_1_57' title='bbox 270 1244 418 1314; x_wconf 80' lang='lat' dir='ltr'>magnum</span> <span class='ocrx_word' id='word_1_58' title='bbox 445 1240 552 1313; x_wconf 89' lang='lat' dir='ltr'>poetae</span> <span class='ocrx_word' id='word_1_59' title='bbox 580 1237 749 1315; x_wconf 82' lang='lat' dir='ltr'>consilium3</span> <span class='ocrx_word' id='word_1_60' title='bbox 786 1237 883 1313; x_wconf 90' lang='lat' dir='ltr'>primo</span> <span class='ocrx_word' id='word_1_61' title='bbox 912 1236 992 1296; x_wconf 90' lang='lat' dir='ltr'>enim</span> <span class='ocrx_word' id='word_1_62' title='bbox 1014 1237 1190 1313; x_wconf 86' lang='lat' dir='ltr'><strong>obsequium</strong></span> <span class='ocrx_word' id='word_1_63' title='bbox 1212 1236 1294 1313; x_wconf 87' lang='lat' dir='ltr'>patri</span> 
     </span>
     <span class='ocr_line' id='line_1_10' title="bbox 270 1325 1292 1403; baseline -0.001 -18"><span class='ocrx_word' id='word_1_64' title='bbox 270 1325 387 1385; x_wconf 79' lang='lat' dir='ltr'>Ascani</span> <span class='ocrx_word' id='word_1_65' title='bbox 408 1328 628 1401; x_wconf 87' lang='lat' dir='ltr'>repraesentari</span> <span class='ocrx_word' id='word_1_66' title='bbox 650 1328 837 1401; x_wconf 80' lang='lat' dir='ltr'>convenerat,</span> <span class='ocrx_word' id='word_1_67' title='bbox 856 1329 891 1384; x_wconf 91' lang='lat' dir='ltr'>ut</span> <span class='ocrx_word' id='word_1_68' title='bbox 912 1327 979 1402; x_wconf 91' lang='lat' dir='ltr'>ipso</span> <span class='ocrx_word' id='word_1_69' title='bbox 1002 1325 1142 1403; x_wconf 88' lang='lat' dir='ltr'>primitus</span> <span class='ocrx_word' id='word_1_70' title='bbox 1162 1328 1195 1384; x_wconf 92' lang='lat' dir='ltr'>in</span> <span class='ocrx_word' id='word_1_71' title='bbox 1214 1345 1292 1384; x_wconf 88' lang='lat' dir='ltr'>erro-</span> 
     </span>
     <span class='ocr_line' id='line_1_11' title="bbox 231 1414 1291 1494; baseline -0.004 -16"><span class='ocrx_word' id='word_1_72' title='bbox 231 1438 258 1478; x_wconf 82' lang='lat' dir='ltr'>ro</span> <span class='ocrx_word' id='word_1_73' title='bbox 270 1434 336 1472; x_wconf 88' lang='lat' dir='ltr'>rem</span> <span class='ocrx_word' id='word_1_74' title='bbox 355 1415 448 1474; x_wconf 89' lang='lat' dir='ltr'>misso</span> <span class='ocrx_word' id='word_1_75' title='bbox 465 1414 762 1493; x_wconf 70' lang='lat' dir='ltr'>bansfigurationem</span> <span class='ocrx_word' id='word_1_76' title='bbox 779 1434 840 1475; x_wconf 91' lang='lat' dir='ltr'>non</span> <span class='ocrx_word' id='word_1_77' title='bbox 858 1415 1068 1494; x_wconf 72' lang='lat' dir='ltr'>intellegerent</span> <span class='ocrx_word' id='word_1_78' title='bbox 1086 1416 1179 1474; x_wconf 88' lang='lat' dir='ltr'>etiam</span> <span class='ocrx_word' id='word_1_79' title='bbox 1193 1415 1291 1474; x_wconf 90' lang='lat' dir='ltr'>ceteri.</span> 
     </span>
     <span class='ocr_line' id='line_1_12' title="bbox 271 1502 1293 1580; baseline 0.001 -17"><span class='ocrx_word' id='word_1_80' title='bbox 271 1506 367 1580; x_wconf 89' lang='lat' dir='ltr'>atque</span> <span class='ocrx_word' id='word_1_81' title='bbox 390 1504 436 1562; x_wconf 82' lang='lat' dir='ltr'>ita</span> <span class='ocrx_word' id='word_1_82' title='bbox 457 1502 573 1563; x_wconf 87' lang='lat' dir='ltr'>iactum</span> <span class='ocrx_word' id='word_1_83' title='bbox 596 1505 653 1578; x_wconf 78' lang='lat' dir='ltr'>est3</span> <span class='ocrx_word' id='word_1_84' title='bbox 685 1522 756 1562; x_wconf 88' lang='lat' dir='ltr'>nam</span> <span class='ocrx_word' id='word_1_85' title='bbox 779 1506 914 1564; x_wconf 88' lang='lat' dir='ltr'>secutum</span> <span class='ocrx_word' id='word_1_86' title='bbox 937 1507 983 1564; x_wconf 89' lang='lat' dir='ltr'>est</span> <span class='ocrx_word' id='word_1_87' title='bbox 1010 1508 1037 1563; x_wconf 87' lang='lat' dir='ltr'>et</span> <span class='ocrx_word' id='word_1_88' title='bbox 1057 1521 1198 1578; x_wconf 59' lang='lat' dir='ltr'>nomana</span> <span class='ocrx_word' id='word_1_89' title='bbox 1220 1504 1293 1577; x_wconf 81' lang='lat' dir='ltr'>falsi</span> 
     </span>
     <span class='ocr_line' id='line_1_13' title="bbox 269 1593 1292 1670; baseline 0 -19"><span class='ocrx_word' id='word_1_90' title='bbox 269 1593 396 1666; x_wconf 83' lang='lat' dir='ltr'>inplevit</span> <span class='ocrx_word' id='word_1_91' title='bbox 414 1594 555 1668; x_wconf 73' lang='lat' dir='ltr'>pennen</span> <span class='ocrx_word' id='word_1_92' title='bbox 578 1610 715 1661; x_wconf 74' lang='lat' dir='ltr'>omnen,</span> <span class='ocrx_word' id='word_1_93' title='bbox 738 1594 872 1666; x_wconf 77' lang='lat' dir='ltr'>repnram</span> <span class='ocrx_word' id='word_1_94' title='bbox 890 1596 977 1667; x_wconf 87' lang='lat' dir='ltr'>petit:</span> <span class='ocrx_word' id='word_1_95' title='bbox 1008 1593 1078 1653; x_wconf 83' lang='lat' dir='ltr'>falsi</span> <span class='ocrx_word' id='word_1_96' title='bbox 1100 1593 1209 1670; x_wconf 85' lang='lat' dir='ltr'>inquit,</span> <span class='ocrx_word' id='word_1_97' title='bbox 1232 1612 1292 1652; x_wconf 89' lang='lat' dir='ltr'>non</span> 
     </span>
     <span class='ocr_line' id='line_1_14' title="bbox 271 1679 1293 1759; baseline 0.001 -20"><span class='ocrx_word' id='word_1_98' title='bbox 271 1679 355 1758; x_wconf 86' lang='lat' dir='ltr'>quod</span> <span class='ocrx_word' id='word_1_99' title='bbox 376 1700 437 1741; x_wconf 89' lang='lat' dir='ltr'>nan</span> <span class='ocrx_word' id='word_1_100' title='bbox 460 1683 539 1741; x_wconf 90' lang='lat' dir='ltr'>esset</span> <span class='ocrx_word' id='word_1_101' title='bbox 557 1682 733 1758; x_wconf 69' lang='lat' dir='ltr'>paternus,</span> <span class='ocrx_word' id='word_1_102' title='bbox 753 1681 804 1741; x_wconf 87' lang='lat' dir='ltr'>sed</span> <span class='ocrx_word' id='word_1_103' title='bbox 823 1681 904 1758; x_wconf 87' lang='lat' dir='ltr'>quod</span> <span class='ocrx_word' id='word_1_104' title='bbox 922 1681 1044 1742; x_wconf 90' lang='lat' dir='ltr'>Aenean</span> <span class='ocrx_word' id='word_1_105' title='bbox 1062 1682 1163 1759; x_wconf 89' lang='lat' dir='ltr'>ipsum</span> <span class='ocrx_word' id='word_1_106' title='bbox 1181 1681 1293 1741; x_wconf 88' lang='lat' dir='ltr'>Ascani</span> 
     </span>
     <span class='ocr_line' id='line_1_15' title="bbox 272 1768 1293 1848; baseline -0.001 -18"><span class='ocrx_word' id='word_1_107' title='bbox 272 1772 391 1845; x_wconf 85' lang='lat' dir='ltr'>patrem</span> <span class='ocrx_word' id='word_1_108' title='bbox 414 1771 511 1847; x_wconf 91' lang='lat' dir='ltr'>primo</span> <span class='ocrx_word' id='word_1_109' title='bbox 535 1770 687 1830; x_wconf 85' lang='lat' dir='ltr'>subtiliter</span> <span class='ocrx_word' id='word_1_110' title='bbox 707 1768 822 1848; x_wconf 74' lang='lat' dir='ltr'>Cupido</span> <span class='ocrx_word' id='word_1_111' title='bbox 846 1771 1011 1845; x_wconf 84' lang='lat' dir='ltr'>fefellisset,</span> <span class='ocrx_word' id='word_1_112' title='bbox 1031 1772 1103 1848; x_wconf 90' lang='lat' dir='ltr'>quia</span> <span class='ocrx_word' id='word_1_113' title='bbox 1122 1771 1239 1830; x_wconf 80' lang='lat' dir='ltr'>Aeneas</span> <span class='ocrx_word' id='word_1_114' title='bbox 1260 1771 1293 1829; x_wconf 90' lang='lat' dir='ltr'>in</span> 
     </span>
     <span class='ocr_line' id='line_1_16' title="bbox 234 1859 1292 1934; baseline -0.005 -12"><span class='ocrx_word' id='word_1_115' title='bbox 234 1881 259 1922; x_wconf 80' lang='lat'>1⁵</span> <span class='ocrx_word' id='word_1_116' title='bbox 272 1861 394 1921; x_wconf 82' lang='lat' dir='ltr'>tantum</span> <span class='ocrx_word' id='word_1_117' title='bbox 417 1878 548 1919; x_wconf 87' lang='lat' dir='ltr'>errorem</span> <span class='ocrx_word' id='word_1_118' title='bbox 571 1860 679 1920; x_wconf 88' lang='lat' dir='ltr'>missus</span> <span class='ocrx_word' id='word_1_119' title='bbox 703 1863 757 1934; x_wconf 90' lang='lat' dir='ltr'>est,</span> <span class='ocrx_word' id='word_1_120' title='bbox 780 1862 815 1919; x_wconf 90' lang='lat' dir='ltr'>ut</span> <span class='ocrx_word' id='word_1_121' title='bbox 838 1860 1036 1920; x_wconf 76' lang='lat' dir='ltr'>arbitraretur</span> <span class='ocrx_word' id='word_1_122' title='bbox 1058 1879 1089 1920; x_wconf 90' lang='lat' dir='ltr'>se</span> <span class='ocrx_word' id='word_1_123' title='bbox 1112 1859 1208 1918; x_wconf 90' lang='lat' dir='ltr'>filium</span> <span class='ocrx_word' id='word_1_124' title='bbox 1229 1879 1292 1918; x_wconf 90' lang='lat' dir='ltr'>am·</span> 
     </span>
     <span class='ocr_line' id='line_1_17' title="bbox 269 1947 1291 2027; baseline 0 -21"><span class='ocrx_word' id='word_1_125' title='bbox 269 1947 365 2024; x_wconf 78' lang='lat' dir='ltr'>plecti</span> <span class='ocrx_word' id='word_1_126' title='bbox 392 1951 424 2008; x_wconf 88' lang='lat' dir='ltr'>et</span> <span class='ocrx_word' id='word_1_127' title='bbox 451 1949 583 2008; x_wconf 88' lang='lat' dir='ltr'>osculari</span> <span class='ocrx_word' id='word_1_128' title='bbox 609 1951 805 2026; x_wconf 75' lang='lat' dir='ltr'>praesentem.</span> <span class='ocrx_word' id='word_1_129' title='bbox 852 1968 922 2027; x_wconf 85' lang='lat' dir='ltr'>ergo</span> <span class='ocrx_word' id='word_1_130' title='bbox 945 1968 1006 2009; x_wconf 91' lang='lat' dir='ltr'>non</span> <span class='ocrx_word' id='word_1_131' title='bbox 1029 1949 1224 2026; x_wconf 85' lang='lat' dir='ltr'>intellegente</span> <span class='ocrx_word' id='word_1_132' title='bbox 1246 1951 1291 2006; x_wconf 91' lang='lat' dir='ltr'>in-</span> 
     </span>
     <span class='ocr_line' id='line_1_18' title="bbox 269 2036 1291 2115; baseline -0.001 -19"><span class='ocrx_word' id='word_1_133' title='bbox 269 2036 365 2096; x_wconf 85' lang='lat' dir='ltr'>sidias</span> <span class='ocrx_word' id='word_1_134' title='bbox 387 2040 475 2113; x_wconf 87' lang='lat' dir='ltr'>patre</span> <span class='ocrx_word' id='word_1_135' title='bbox 494 2040 587 2115; x_wconf 50' lang='lat' dir='ltr'>¹quasi</span> <span class='ocrx_word' id='word_1_136' title='bbox 609 2056 714 2098; x_wconf 81' lang='lat' dir='ltr'>uerum</span> <span class='ocrx_word' id='word_1_137' title='bbox 736 2037 865 2114; x_wconf 88' lang='lat' dir='ltr'>hospitis</span> <span class='ocrx_word' id='word_1_138' title='bbox 888 2037 985 2098; x_wconf 91' lang='lat' dir='ltr'>filium</span> <span class='ocrx_word' id='word_1_139' title='bbox 1006 2039 1176 2097; x_wconf 84' lang='lat' dir='ltr'>venientem</span> <span class='ocrx_word' id='word_1_140' title='bbox 1199 2037 1238 2095; x_wconf 87' lang='lat' dir='ltr'>ad</span> <span class='ocrx_word' id='word_1_141' title='bbox 1260 2055 1291 2096; x_wconf 88' lang='lat' dir='ltr'>se</span> 
     </span>
     <span class='ocr_line' id='line_1_19' title="bbox 269 2126 1293 2205; baseline -0.001 -20"><span class='ocrx_word' id='word_1_142' title='bbox 269 2126 377 2205; x_wconf 83' lang='lat' dir='ltr'>regina</span> <span class='ocrx_word' id='word_1_143' title='bbox 405 2126 544 2203; x_wconf 83' lang='lat' dir='ltr'>suscepit.</span> <span class='ocrx_word' id='word_1_144' title='bbox 589 2127 661 2188; x_wconf 86' lang='lat' dir='ltr'>baec</span> <span class='ocrx_word' id='word_1_145' title='bbox 688 2128 792 2198; x_wconf 74' lang='lat' dir='ltr'>centn,</span> <span class='ocrx_word' id='word_1_146' title='bbox 819 2129 891 2188; x_wconf 83' lang='lat' dir='ltr'>baec</span> <span class='ocrx_word' id='word_1_147' title='bbox 911 2130 1029 2203; x_wconf 82' lang='lat' dir='ltr'>pectore</span> <span class='ocrx_word' id='word_1_148' title='bbox 1056 2130 1111 2186; x_wconf 90' lang='lat' dir='ltr'>toto</span> <span class='ocrx_word' id='word_1_149' title='bbox 1141 2127 1240 2187; x_wconf 74' lang='lat' dir='ltr'>bonet</span> <span class='ocrx_word' id='word_1_150' title='bbox 1267 2131 1293 2185; x_wconf 86' lang='lat' dir='ltr'>rt</span> 
     </span>
     <span class='ocr_line' id='line_1_20' title="bbox 268 2216 1290 2291; baseline -0.001 -16"><span class='ocrx_word' id='word_1_151' title='bbox 268 2216 419 2275; x_wconf 72' lang='lat' dir='ltr'>interdm</span> <span class='ocrx_word' id='word_1_152' title='bbox 439 2219 550 2291; x_wconf 78' lang='lat' dir='ltr'>premio</span> <span class='ocrx_word' id='word_1_153' title='bbox 572 2218 663 2290; x_wconf 80' lang='lat' dir='ltr'>facet:</span> <span class='ocrx_word' id='word_1_154' title='bbox 690 2216 830 2276; x_wconf 81' lang='lat' dir='ltr'>exhibens</span> <span class='ocrx_word' id='word_1_155' title='bbox 854 2236 972 2277; x_wconf 90' lang='lat' dir='ltr'>omnem</span> <span class='ocrx_word' id='word_1_156' title='bbox 993 2216 1214 2277; x_wconf 89' lang='lat' dir='ltr'>benivolentiae</span> <span class='ocrx_word' id='word_1_157' title='bbox 1239 2216 1290 2274; x_wconf 87' lang='lat' dir='ltr'>ad-</span> 
     </span>
     <span class='ocr_line' id='line_1_21' title="bbox 233 2305 1290 2384; baseline -0.004 -18"><span class='ocrx_word' id='word_1_158' title='bbox 233 2305 385 2366; x_wconf 82' lang='lat' dir='ltr'>sofectum</span> <span class='ocrx_word' id='word_1_159' title='bbox 411 2305 586 2365; x_wconf 86' lang='lat' dir='ltr'>intuebatur</span> <span class='ocrx_word' id='word_1_160' title='bbox 613 2325 681 2366; x_wconf 90' lang='lat' dir='ltr'>eum</span> <span class='ocrx_word' id='word_1_161' title='bbox 707 2305 835 2365; x_wconf 86' lang='lat' dir='ltr'>libenter</span> <span class='ocrx_word' id='word_1_162' title='bbox 858 2310 889 2365; x_wconf 91' lang='lat' dir='ltr'>et</span> <span class='ocrx_word' id='word_1_163' title='bbox 909 2306 1062 2366; x_wconf 88' lang='lat' dir='ltr'>interdum</span> <span class='ocrx_word' id='word_1_164' title='bbox 1084 2307 1198 2384; x_wconf 82' lang='lat' dir='ltr'>gremio</span> <span class='ocrx_word' id='word_1_165' title='bbox 1223 2323 1290 2364; x_wconf 87' lang='lat' dir='ltr'>aon-</span> 
     </span>
     <span class='ocr_line' id='line_1_22' title="bbox 268 2393 1290 2469; baseline 0 -17"><span class='ocrx_word' id='word_1_166' title='bbox 268 2393 397 2453; x_wconf 90' lang='lat' dir='ltr'>tinebat.</span> <span class='ocrx_word' id='word_1_167' title='bbox 442 2396 536 2454; x_wconf 82' lang='lat' dir='ltr'>inscio</span> <span class='ocrx_word' id='word_1_168' title='bbox 558 2395 639 2454; x_wconf 88' lang='lat' dir='ltr'>Dido</span> <span class='ocrx_word' id='word_1_169' title='bbox 661 2396 774 2454; x_wconf 91' lang='lat' dir='ltr'>insidat</span> <span class='ocrx_word' id='word_1_170' title='bbox 795 2400 923 2469; x_wconf 82' lang='lat' dir='ltr'>pnantns</span> <span class='ocrx_word' id='word_1_171' title='bbox 944 2398 1068 2455; x_wconf 85' lang='lat' dir='ltr'>miserae</span> <span class='ocrx_word' id='word_1_172' title='bbox 1091 2395 1177 2454; x_wconf 74' lang='lat' dir='ltr'>dens·</span> <span class='ocrx_word' id='word_1_173' title='bbox 1203 2397 1290 2454; x_wconf 88' lang='lat' dir='ltr'>tanto</span> 
     </span>
     <span class='ocr_line' id='line_1_23' title="bbox 269 2482 1290 2562; baseline 0 -21"><span class='ocrx_word' id='word_1_174' title='bbox 269 2482 414 2543; x_wconf 87' lang='lat' dir='ltr'>libentius</span> <span class='ocrx_word' id='word_1_175' title='bbox 427 2502 554 2559; x_wconf 88' lang='lat' dir='ltr'>puerum</span> <span class='ocrx_word' id='word_1_176' title='bbox 567 2483 729 2559; x_wconf 86' lang='lat' dir='ltr'>inprudens</span> <span class='ocrx_word' id='word_1_177' title='bbox 743 2484 822 2543; x_wconf 85' lang='lat' dir='ltr'>Dido</span> <span class='ocrx_word' id='word_1_178' title='bbox 841 2484 954 2562; x_wconf 81' lang='lat' dir='ltr'>gremio</span> <span class='ocrx_word' id='word_1_179' title='bbox 973 2483 1161 2558; x_wconf 66' lang='lat' dir='ltr'>semovebat,</span> <span class='ocrx_word' id='word_1_180' title='bbox 1176 2486 1290 2559; x_wconf 81' lang='lat' dir='ltr'>querito</span> 
     </span>
     <span class='ocr_line' id='line_1_24' title="bbox 268 2570 1289 2651; baseline -0.001 -21"><span class='ocrx_word' id='word_1_181' title='bbox 268 2571 424 2633; x_wconf 86' lang='lat' dir='ltr'>nesciebat</span> <span class='ocrx_word' id='word_1_182' title='bbox 448 2572 567 2648; x_wconf 89' lang='lat' dir='ltr'>qualem</span> <span class='ocrx_word' id='word_1_183' title='bbox 592 2572 679 2632; x_wconf 86' lang='lat' dir='ltr'>deum</span> <span class='ocrx_word' id='word_1_184' title='bbox 702 2573 874 2633; x_wconf 86' lang='lat' dir='ltr'>admoveret</span> <span class='ocrx_word' id='word_1_185' title='bbox 897 2573 1084 2651; x_wconf 80' lang='lat' dir='ltr'>amplexibus</span> <span class='ocrx_word' id='word_1_186' title='bbox 1108 2573 1177 2631; x_wconf 90' lang='lat' dir='ltr'>suis.</span> <span class='ocrx_word' id='word_1_187' title='bbox 1214 2570 1289 2630; x_wconf 92' lang='lat' dir='ltr'>bene</span> 
     </span>
     <span class='ocr_line' id='line_1_25' title="bbox 269 2660 1290 2741; baseline -0.003 -21"><span class='ocrx_word' id='word_1_188' title='bbox 269 2663 374 2721; x_wconf 89' lang='lat' dir='ltr'>autem</span> <span class='ocrx_word' id='word_1_189' title='bbox 402 2660 541 2721; x_wconf 89' lang='lat' dir='ltr'>miseram</span> <span class='ocrx_word' id='word_1_190' title='bbox 568 2662 645 2721; x_wconf 86' lang='lat' dir='ltr'>dixit</span> <span class='ocrx_word' id='word_1_191' title='bbox 670 2681 747 2738; x_wconf 90' lang='lat' dir='ltr'>quae</span> <span class='ocrx_word' id='word_1_192' title='bbox 769 2664 876 2741; x_wconf 82' lang='lat' dir='ltr'>ignara</span> <span class='ocrx_word' id='word_1_193' title='bbox 899 2666 1052 2739; x_wconf 85' lang='lat' dir='ltr'>gestorum</span> <span class='ocrx_word' id='word_1_194' title='bbox 1074 2661 1236 2739; x_wconf 84' lang='lat' dir='ltr'>benignum</span> <span class='ocrx_word' id='word_1_195' title='bbox 1258 2660 1290 2718; x_wconf 90' lang='lat' dir='ltr'>in</span> 
     </span>
     <span class='ocr_line' id='line_1_26' title="bbox 233 2749 1290 2827; baseline -0.003 -16"><span class='ocrx_word' id='word_1_196' title='bbox 233 2769 257 2811; x_wconf 82' lang='lat' dir='ltr'>n</span> <span class='ocrx_word' id='word_1_197' title='bbox 270 2749 409 2809; x_wconf 74' lang='lat' dir='ltr'>omnibus</span> <span class='ocrx_word' id='word_1_198' title='bbox 432 2749 566 2810; x_wconf 89' lang='lat' dir='ltr'>animum</span> <span class='ocrx_word' id='word_1_199' title='bbox 586 2749 838 2826; x_wconf 79' lang='lat' dir='ltr'>repraesentabat,</span> <span class='ocrx_word' id='word_1_200' title='bbox 858 2770 934 2827; x_wconf 91' lang='lat' dir='ltr'>quae</span> <span class='ocrx_word' id='word_1_201' title='bbox 958 2770 1021 2811; x_wconf 90' lang='lat' dir='ltr'>esse</span> <span class='ocrx_word' id='word_1_202' title='bbox 1041 2750 1142 2827; x_wconf 90' lang='lat' dir='ltr'>potuit</span> <span class='ocrx_word' id='word_1_203' title='bbox 1159 2749 1290 2823; x_wconf 87' lang='lat' dir='ltr'>inimica,</span> 
     </span>
     <span class='ocr_line' id='line_1_27' title="bbox 270 2839 1344 2916; baseline -0.002 -19"><span class='ocrx_word' id='word_1_204' title='bbox 270 2857 339 2898; x_wconf 89' lang='lat' dir='ltr'>cum</span> <span class='ocrx_word' id='word_1_205' title='bbox 359 2858 396 2897; x_wconf 83' lang='lat' dir='ltr'>ex</span> <span class='ocrx_word' id='word_1_206' title='bbox 414 2858 449 2898; x_wconf 90' lang='lat' dir='ltr'>eo</span> <span class='ocrx_word' id='word_1_207' title='bbox 467 2840 533 2916; x_wconf 88' lang='lat' dir='ltr'>ipso</span> <span class='ocrx_word' id='word_1_208' title='bbox 551 2842 710 2915; x_wconf 88' lang='lat' dir='ltr'>pararetur</span> <span class='ocrx_word' id='word_1_209' title='bbox 726 2839 765 2898; x_wconf 87' lang='lat' dir='ltr'>ad</span> <span class='ocrx_word' id='word_1_210' title='bbox 778 2842 913 2899; x_wconf 84' lang='lat' dir='ltr'>mortem.</span> <span class='ocrx_word' id='word_1_211' title='bbox 947 2843 978 2900; x_wconf 92' lang='lat' dir='ltr'>at</span> <span class='ocrx_word' id='word_1_212' title='bbox 990 2858 1100 2900; x_wconf 75' lang='lat' dir='ltr'>mensor</span> <span class='ocrx_word' id='word_1_213' title='bbox 1113 2839 1163 2898; x_wconf 82' lang='lat' dir='ltr'>dle</span> <span class='ocrx_word' id='word_1_214' title='bbox 1175 2841 1281 2899; x_wconf 83' lang='lat' dir='ltr'>notris</span> <span class='ocrx_word' id='word_1_215' title='bbox 1292 2845 1344 2895; x_wconf 77' lang='lat'>⁷2⁰</span> 
     </span>
     <span class='ocr_line' id='line_1_28' title="bbox 269 2926 1292 3004; baseline 0 -18"><span class='ocrx_word' id='word_1_216' title='bbox 269 2926 428 2987; x_wconf 74' lang='lat' dir='ltr'>Acidaliae</span> <span class='ocrx_word' id='word_1_217' title='bbox 445 2930 596 3002; x_wconf 81' lang='lat' dir='ltr'>paulatin</span> <span class='ocrx_word' id='word_1_218' title='bbox 614 2929 727 2989; x_wconf 88' lang='lat' dir='ltr'>abolere</span> <span class='ocrx_word' id='word_1_219' title='bbox 745 2928 907 3004; x_wconf 49' lang='lat' dir='ltr'>&amp;etiamne</span> <span class='ocrx_word' id='word_1_220' title='bbox 924 2931 1028 3004; x_wconf 76' lang='lat' dir='ltr'>insipit</span> <span class='ocrx_word' id='word_1_221' title='bbox 1046 2934 1072 2987; x_wconf 91' lang='lat' dir='ltr'>et</span> <span class='ocrx_word' id='word_1_222' title='bbox 1088 2930 1154 2987; x_wconf 85' lang='lat' dir='ltr'>eico</span> <span class='ocrx_word' id='word_1_223' title='bbox 1172 2932 1292 3002; x_wconf 77' lang='lat' dir='ltr'>tenptat</span> 
     </span>
     <span class='ocr_line' id='line_1_29' title="bbox 265 3018 1291 3092; baseline -0.001 -16"><span class='ocrx_word' id='word_1_224' title='bbox 265 3020 453 3090; x_wconf 69' lang='lat' dir='ltr'>prevenere</span> <span class='ocrx_word' id='word_1_225' title='bbox 480 3034 579 3076; x_wconf 78' lang='lat' dir='ltr'>anne</span> <span class='ocrx_word' id='word_1_226' title='bbox 605 3020 667 3077; x_wconf 79' lang='lat' dir='ltr'>ianr</span> <span class='ocrx_word' id='word_1_227' title='bbox 689 3019 808 3092; x_wconf 80' lang='lat' dir='ltr'>pridem</span> <span class='ocrx_word' id='word_1_228' title='bbox 835 3019 944 3078; x_wconf 80' lang='lat' dir='ltr'>resides</span> <span class='ocrx_word' id='word_1_229' title='bbox 976 3021 1090 3079; x_wconf 85' lang='lat' dir='ltr'>animos</span> <span class='ocrx_word' id='word_1_230' title='bbox 1117 3018 1291 3091; x_wconf 72' lang='lat' dir='ltr'>desuetaar‘r&#39;e</span> 
     </span>
     <span class='ocr_line' id='line_1_30' title="bbox 268 3104 1289 3184; baseline 0 -19"><span class='ocrx_word' id='word_1_231' title='bbox 268 3107 377 3176; x_wconf 86' lang='lat' dir='ltr'>eorda;</span> <span class='ocrx_word' id='word_1_232' title='bbox 409 3124 504 3165; x_wconf 80' lang='lat' dir='ltr'>novus</span> <span class='ocrx_word' id='word_1_233' title='bbox 532 3104 611 3165; x_wconf 88' lang='lat' dir='ltr'>enim</span> <span class='ocrx_word' id='word_1_234' title='bbox 638 3125 723 3166; x_wconf 89' lang='lat' dir='ltr'>amor</span> <span class='ocrx_word' id='word_1_235' title='bbox 749 3107 855 3165; x_wconf 84' lang='lat' dir='ltr'>inferri</span> <span class='ocrx_word' id='word_1_236' title='bbox 882 3127 942 3166; x_wconf 91' lang='lat' dir='ltr'>non</span> <span class='ocrx_word' id='word_1_237' title='bbox 969 3110 1082 3184; x_wconf 81' lang='lat' dir='ltr'>posset,</span> <span class='ocrx_word' id='word_1_238' title='bbox 1115 3107 1174 3166; x_wconf 91' lang='lat' dir='ltr'>nisi</span> <span class='ocrx_word' id='word_1_239' title='bbox 1203 3108 1289 3166; x_wconf 87' lang='lat' dir='ltr'>vetus</span> 
     </span>
    </p>
   </div>
   <div class='ocr_carea' id='block_1_3' title="bbox 270 3328 1291 3831">
    <p class='ocr_par' dir='ltr' id='par_1_3' title="bbox 270 3328 1291 3831">
     <span class='ocr_line' id='line_1_31' title="bbox 341 3328 1288 3401; baseline -0.001 -18"><span class='ocrx_word' id='word_1_240' title='bbox 341 3334 359 3383; x_wconf 75' lang='grc'><strong>2</strong></span> <span class='ocrx_word' id='word_1_241' title='bbox 378 3328 513 3385; x_wconf 77' lang='lat' dir='ltr'>adunati</span> <span class='ocrx_word' id='word_1_242' title='bbox 529 3332 588 3384; x_wconf 82' lang='lat' dir='ltr'>trnn</span> <span class='ocrx_word' id='word_1_243' title='bbox 605 3345 649 3383; x_wconf 80' lang='lat' dir='ltr'>nro</span> <span class='ocrx_word' id='word_1_244' title='bbox 663 3328 715 3383; x_wconf 84' lang='lat' dir='ltr'>LR</span> <span class='ocrx_word' id='word_1_245' title='bbox 734 3330 883 3385; x_wconf 71' lang='lat' dir='ltr'>adnirnio</span> <span class='ocrx_word' id='word_1_246' title='bbox 897 3335 956 3385; x_wconf 83' lang='lat' dir='ltr'>tane</span> <span class='ocrx_word' id='word_1_247' title='bbox 969 3332 1058 3401; x_wconf 83' lang='lat' dir='ltr'>napis</span> <span class='ocrx_word' id='word_1_248' title='bbox 1075 3348 1090 3383; x_wconf 91' lang='lat' dir='ltr'>r</span> <span class='ocrx_word' id='word_1_249' title='bbox 1108 3348 1133 3384; x_wconf 92' lang='lat' dir='ltr'>a.</span> <span class='ocrx_word' id='word_1_250' title='bbox 1148 3347 1178 3385; x_wconf 90' lang='lat' dir='ltr'>eo</span> <span class='ocrx_word' id='word_1_251' title='bbox 1192 3348 1227 3384; x_wconf 85' lang='lat' dir='ltr'>m.</span> <span class='ocrx_word' id='word_1_252' title='bbox 1245 3330 1288 3383; x_wconf 88' lang='lat' dir='ltr'>ed.</span> 
     </span>
     <span class='ocr_line' id='line_1_32' title="bbox 270 3399 1288 3471; baseline 0.001 -18"><span class='ocrx_word' id='word_1_253' title='bbox 270 3418 296 3453; x_wconf 89' lang='lat' dir='ltr'>o.</span> <span class='ocrx_word' id='word_1_254' title='bbox 314 3405 376 3456; x_wconf 78' lang='lat' dir='ltr'>tarn</span> <span class='ocrx_word' id='word_1_255' title='bbox 393 3415 456 3455; x_wconf 82' lang='lat' dir='ltr'>aero</span> <span class='ocrx_word' id='word_1_256' title='bbox 474 3415 533 3454; x_wconf 87' lang='lat' dir='ltr'>nos.</span> <span class='ocrx_word' id='word_1_257' title='bbox 590 3401 650 3454; x_wconf 75' lang='lat' dir='ltr'>tsi</span> <span class='ocrx_word' id='word_1_258' title='bbox 667 3399 720 3454; x_wconf 84' lang='lat' dir='ltr'>LR</span> <span class='ocrx_word' id='word_1_259' title='bbox 738 3401 785 3455; x_wconf 89' lang='lat' dir='ltr'>sed</span> <span class='ocrx_word' id='word_1_260' title='bbox 803 3419 817 3453; x_wconf 91' lang='lat' dir='ltr'>r</span> <span class='ocrx_word' id='word_1_261' title='bbox 836 3400 878 3454; x_wconf 89' lang='lat' dir='ltr'>ed.</span> <span class='ocrx_word' id='word_1_262' title='bbox 934 3406 951 3454; x_wconf 82' lang='lat'>4</span> <span class='ocrx_word' id='word_1_263' title='bbox 970 3402 1044 3471; x_wconf 77' lang='lat' dir='ltr'>qnod</span> <span class='ocrx_word' id='word_1_264' title='bbox 1061 3401 1114 3454; x_wconf 84' lang='lat' dir='ltr'>LIt</span> <span class='ocrx_word' id='word_1_265' title='bbox 1130 3401 1174 3455; x_wconf 90' lang='lat' dir='ltr'>ed.</span> <span class='ocrx_word' id='word_1_266' title='bbox 1193 3417 1246 3470; x_wconf 78' lang='lat' dir='ltr'>qao</span> <span class='ocrx_word' id='word_1_267' title='bbox 1266 3400 1288 3454; x_wconf 90' lang='lat'>0</span> 
     </span>
     <span class='ocr_line' id='line_1_33' title="bbox 270 3471 1290 3541; baseline 0 -16"><span class='ocrx_word' id='word_1_268' title='bbox 270 3471 366 3527; x_wconf 82' lang='lat' dir='ltr'>nescio</span> <span class='ocrx_word' id='word_1_269' title='bbox 385 3486 422 3525; x_wconf 89' lang='lat' dir='ltr'>an</span> <span class='ocrx_word' id='word_1_270' title='bbox 440 3472 525 3525; x_wconf 88' lang='lat' dir='ltr'>recte.</span> <span class='ocrx_word' id='word_1_271' title='bbox 547 3472 551 3540; x_wconf 93' lang='grc' dir='ltr'>Ι</span> <span class='ocrx_word' id='word_1_272' title='bbox 569 3472 699 3541; x_wconf 80' lang='lat' dir='ltr'>perituro</span> <span class='ocrx_word' id='word_1_273' title='bbox 718 3471 770 3524; x_wconf 85' lang='lat' dir='ltr'>LR</span> <span class='ocrx_word' id='word_1_274' title='bbox 785 3478 950 3541; x_wconf 75' lang='lat' dir='ltr'>pnoeptnra</span> <span class='ocrx_word' id='word_1_275' title='bbox 968 3472 1012 3526; x_wconf 87' lang='lat' dir='ltr'>ed.</span> <span class='ocrx_word' id='word_1_276' title='bbox 1085 3478 1102 3526; x_wconf 81' lang='lat'>5</span> <span class='ocrx_word' id='word_1_277' title='bbox 1121 3472 1290 3540; x_wconf 76' lang='lat' dir='ltr'>ardescitque</span> 
     </span>
     <span class='ocr_line' id='line_1_34' title="bbox 271 3541 1290 3613; baseline -0.002 -16"><span class='ocrx_word' id='word_1_278' title='bbox 271 3542 335 3613; x_wconf 74' lang='lat' dir='ltr'>adl</span> <span class='ocrx_word' id='word_1_279' title='bbox 357 3542 573 3597; x_wconf 61' lang='lat' dir='ltr'>enuidrationi</span> <span class='ocrx_word' id='word_1_280' title='bbox 590 3541 643 3596; x_wconf 86' lang='lat' dir='ltr'>LR</span> <span class='ocrx_word' id='word_1_281' title='bbox 661 3542 704 3597; x_wconf 87' lang='lat' dir='ltr'>ed.</span> <span class='ocrx_word' id='word_1_282' title='bbox 724 3544 906 3599; x_wconf 76' lang='lat' dir='ltr'>consideratio</span> <span class='ocrx_word' id='word_1_283' title='bbox 924 3546 997 3598; x_wconf 82' lang='lat' dir='ltr'>enin</span> <span class='ocrx_word' id='word_1_284' title='bbox 1015 3559 1074 3598; x_wconf 86' lang='lat' dir='ltr'>noe.</span> <span class='ocrx_word' id='word_1_285' title='bbox 1148 3549 1164 3596; x_wconf 81' lang='lat' dir='ltr'>o</span> <span class='ocrx_word' id='word_1_286' title='bbox 1183 3545 1290 3597; x_wconf 73' lang='lat' dir='ltr'>inante</span> 
     </span>
     <span class='ocr_line' id='line_1_35' title="bbox 271 3611 1291 3683; baseline 0.002 -18"><span class='ocrx_word' id='word_1_287' title='bbox 271 3611 322 3668; x_wconf 78' lang='lat' dir='ltr'>LE</span> <span class='ocrx_word' id='word_1_288' title='bbox 339 3616 463 3670; x_wconf 77' lang='lat' dir='ltr'>intentae</span> <span class='ocrx_word' id='word_1_289' title='bbox 481 3613 524 3668; x_wconf 86' lang='lat' dir='ltr'>ed.</span> <span class='ocrx_word' id='word_1_290' title='bbox 616 3619 632 3668; x_wconf 88' lang='grc'>8</span> <span class='ocrx_word' id='word_1_291' title='bbox 650 3613 796 3669; x_wconf 81' lang='lat' dir='ltr'>cornilinra</span> <span class='ocrx_word' id='word_1_292' title='bbox 814 3614 867 3667; x_wconf 82' lang='lat' dir='ltr'>th</span> <span class='ocrx_word' id='word_1_293' title='bbox 889 3632 911 3670; x_wconf 91' lang='lat' dir='ltr'>e.</span> <span class='ocrx_word' id='word_1_294' title='bbox 931 3622 970 3671; x_wconf 86' lang='lat' dir='ltr'>est</span> <span class='ocrx_word' id='word_1_295' title='bbox 987 3615 1031 3671; x_wconf 80' lang='lat' dir='ltr'>ed,</span> <span class='ocrx_word' id='word_1_296' title='bbox 1124 3621 1157 3667; x_wconf 78' lang='lat'>12</span> <span class='ocrx_word' id='word_1_297' title='bbox 1176 3613 1291 3683; x_wconf 84' lang='lat' dir='ltr'>inplebit</span> 
     </span>
     <span class='ocr_line' id='line_1_36' title="bbox 272 3682 1288 3756; baseline 0.001 -20"><span class='ocrx_word' id='word_1_298' title='bbox 272 3682 323 3739; x_wconf 79' lang='lat' dir='ltr'>th</span> <span class='ocrx_word' id='word_1_299' title='bbox 341 3701 411 3740; x_wconf 87' lang='lat' dir='ltr'>carr.</span> <span class='ocrx_word' id='word_1_300' title='bbox 426 3684 449 3738; x_wconf 81' lang='lat' dir='ltr'>L</span> <span class='ocrx_word' id='word_1_301' title='bbox 467 3684 531 3753; x_wconf 87' lang='lat' dir='ltr'>ipae</span> <span class='ocrx_word' id='word_1_302' title='bbox 549 3702 570 3738; x_wconf 91' lang='lat' dir='ltr'>r.</span> <span class='ocrx_word' id='word_1_303' title='bbox 645 3684 1039 3756; x_wconf 60' lang='lat' dir='ltr'>apertissimeque</span> <span class='ocrx_word' id='word_1_304' title='bbox 1057 3702 1116 3740; x_wconf 89' lang='lat' dir='ltr'>nos.</span> <span class='ocrx_word' id='word_1_305' title='bbox 1191 3690 1223 3737; x_wconf 82' lang='lat'>15</span> <span class='ocrx_word' id='word_1_306' title='bbox 1243 3702 1288 3738; x_wconf 88' lang='lat' dir='ltr'>ar-</span> 
     </span>
     <span class='ocr_line' id='line_1_37' title="bbox 273 3754 1290 3831; baseline -0.003 -20"><span class='ocrx_word' id='word_1_307' title='bbox 273 3754 441 3812; x_wconf 76' lang='lat' dir='ltr'>bitrarentur</span> <span class='ocrx_word' id='word_1_308' title='bbox 453 3755 500 3831; x_wconf 61' lang='grc' dir='ltr'><strong>β</strong></span> <span class='ocrx_word' id='word_1_309' title='bbox 512 3771 581 3810; x_wconf 86' lang='lat' dir='ltr'>corr.</span> <span class='ocrx_word' id='word_1_310' title='bbox 600 3773 622 3811; x_wconf 91' lang='lat' dir='ltr'>r.</span> <span class='ocrx_word' id='word_1_311' title='bbox 715 3762 747 3810; x_wconf 90' lang='lat'>18</span> <span class='ocrx_word' id='word_1_312' title='bbox 771 3758 896 3827; x_wconf 82' lang='lat' dir='ltr'>repinan</span> <span class='ocrx_word' id='word_1_313' title='bbox 918 3757 952 3810; x_wconf 79' lang='lat' dir='ltr'>a.</span> <span class='ocrx_word' id='word_1_314' title='bbox 1055 3763 1087 3811; x_wconf 83' lang='grc'>19</span> <span class='ocrx_word' id='word_1_315' title='bbox 1111 3772 1215 3811; x_wconf 86' lang='lat' dir='ltr'>ornnem</span> <span class='ocrx_word' id='word_1_316' title='bbox 1238 3756 1290 3809; x_wconf 85' lang='lat' dir='ltr'>LR</span> 
     </span>
    </p>
   </div>
   <div class='ocr_carea' id='block_1_4' title="bbox 273 3826 1297 3898">
    <p class='ocr_par' dir='ltr' id='par_1_4' title="bbox 273 3826 1297 3898">
     <span class='ocr_line' id='line_1_38' title="bbox 273 3826 1297 3898; baseline -0.004 -15"><span class='ocrx_word' id='word_1_317' title='bbox 273 3827 396 3884; x_wconf 72' lang='lat' dir='ltr'>maus</span> <span class='ocrx_word' id='word_1_318' title='bbox 413 3826 458 3882; x_wconf 86' lang='lat' dir='ltr'>ed.</span> <span class='ocrx_word' id='word_1_319' title='bbox 489 3830 494 3897; x_wconf 83' lang='grc' dir='ltr'>Ι</span> <span class='ocrx_word' id='word_1_320' title='bbox 528 3826 666 3894; x_wconf 78' lang='lat' dir='ltr'>adfectam</span> <span class='ocrx_word' id='word_1_321' title='bbox 684 3826 736 3880; x_wconf 84' lang='lat' dir='ltr'>LR</span> <span class='ocrx_word' id='word_1_322' title='bbox 754 3835 891 3898; x_wconf 57' lang='lat' dir='ltr'>mann</span> <span class='ocrx_word' id='word_1_323' title='bbox 910 3828 953 3883; x_wconf 87' lang='lat' dir='ltr'>ed.</span> <span class='ocrx_word' id='word_1_324' title='bbox 1053 3834 1087 3881; x_wconf 77' lang='lat' dir='ltr'>‘el</span> <span class='ocrx_word' id='word_1_325' title='bbox 1106 3827 1230 3883; x_wconf 82' lang='lat' dir='ltr'>insideat</span> <span class='ocrx_word' id='word_1_326' title='bbox 1248 3826 1297 3882; x_wconf 80' lang='lat' dir='ltr'>ed.</span> 
     </span>
    </p>
   </div>
   <div class='ocr_carea' id='block_1_5' title="bbox 0 0 1633 4350">
    <p class='ocr_par' dir='ltr' id='par_1_5' title="bbox 0 0 1633 4350">
     <span class='ocr_line' id='line_1_39' title="bbox 0 0 1633 4350; baseline 0 0"><span class='ocrx_word' id='word_1_327' title='bbox 0 0 1633 4350; x_wconf 95' lang='lat' dir='ltr'> </span> 
     </span>
    </p>
   </div>
  </div>
 </body>
</html>
