3250 4350
703 411 886 482 icasmos
905 413 931 465 v
1264 411 1331 476 429

320 584 394 642 vitio
412 583 508 642 malae
527 584 729 660 navigationis
749 601 871 655 errasse,
889 585 926 640 ut
938 581 1067 640 Acesten
1085 582 1196 639 iterum
1213 581 1331 640 videam

320 673 350 729 et
366 674 475 731 terram
492 672 552 729 mei
570 674 665 747 patris
684 672 828 746 reliquias
846 672 1057 730 continentem.
1086 672 1157 729 baec
1173 671 1226 730 ubi
1243 672 1330 735 dieta,

312 765 417 833 petam
433 765 551 834 portus:
582 761 655 820 baec
678 762 794 819 Aeneas
818 760 903 834 dixit,
926 779 986 818 non
1009 763 1109 818 tamen
1131 759 1238 835 Erycis
1260 762 1332 818 fecit

318 850 504 908 mentionem.
538 850 594 910 boe
619 853 730 926 quippe
753 869 861 909 nomen
885 851 996 922 omisit,
1015 850 1158 923 quoniam
1177 848 1257 923 quod
1275 848 1331 906 Pe·

287 938 433 998 slinurus
457 939 532 997 dixit
550 939 695 1014 replicare
713 959 774 998 non
793 938 904 997 debuit.
940 937 1058 996 addidit
1076 941 1177 996 tamen
1194 937 1331 996 Palinuri

317 1027 405 1086 dictis
429 1031 620 1106 augmentum
642 1027 823 1086 nominando
841 1027 970 1087 Acesten
993 1029 1024 1085 et
1046 1031 1203 1102 paternam
1221 1045 1330 1085 memo-

315 1116 402 1174 riam.
439 1121 464 1176 et
485 1118 550 1175 cela
571 1117 691 1177 secandi
716 1118 868 1175 intericiunt
888 1118 1014 1190 zephyri,
1032 1120 1128 1188 terior
1144 1118 1202 1174 cita
1217 1118 1331 1189 cernite

317 1205 432 1263 classis:
464 1208 580 1265 mutato
607 1207 811 1284 navigationis
840 1223 929 1264 cursu
951 1223 1127 1280 prosperum
1150 1205 1264 1263 factum
1287 1208 1331 1263 est

317 1294 396 1369 quod
423 1296 456 1352 in
483 1295 543 1353 alia
569 1295 759 1353 tendentibus
789 1297 971 1352 contrarium
1004 1295 1075 1368 fuit3
1112 1295 1224 1369 quippe
1256 1293 1332 1351 fere-

271 1404 299 1442 ιο
316 1382 427 1441 bantur
454 1402 544 1442 naves
572 1383 704 1444 cursibus
732 1383 838 1458 plenis.
884 1387 911 1440 et
932 1383 1049 1442 tandem
1072 1385 1140 1440 lucli
1166 1387 1251 1440 cotue
1279 1384 1331 1441 ud-

316 1477 469 1530 rerturitur
495 1475 636 1532 harenae:
674 1471 810 1530 Troianis
837 1472 955 1530 laetitia
982 1472 1055 1546 fuit,
1084 1471 1164 1547 quod
1193 1471 1232 1530 ad
1258 1471 1331 1530 litus

315 1560 504 1621 intendentes
527 1560 566 1620 ad
588 1562 654 1620 loca
676 1564 777 1619 tamen
799 1563 873 1620 nota
895 1563 1108 1636 pervenissent

385 1649 426 1707 At
452 1651 558 1723 procul
589 1668 623 1709 cr
654 1652 726 1709 celso
757 1652 883 1708 miratus
913 1652 1016 1709 uertice
1042 1652 1148 1708 montis
1175 1649 1331 1708 adrentum
1350 1655 1384 1703 35

315 1741 466 1810 soe-iusque
492 1743 569 1798 rates
596 1737 739 1812 [occurrit
759 1736 910 1812 AcestesJ:
943 1739 1050 1797 civitas
1072 1741 1105 1796 in
1127 1757 1187 1813 qua
1209 1738 1332 1798 Acestes

270 1848 297 1887 15
316 1827 559 1885 commorabatur
591 1827 649 1886 fuit
681 1829 713 1885 in
745 1828 873 1901 excelso,
906 1846 966 1903 qua
998 1845 1088 1885 causa
1118 1827 1207 1903 longe
1236 1826 1332 1886 adhuc

316 1916 430 1990 positas
454 1917 539 1975 navis
563 1917 686 1993 agnovit
710 1934 771 1974 esse
791 1916 936 1974 Troianas
960 1919 990 1973 et
1013 1933 1115 1973 earum
1139 1918 1184 1973 est
1206 1916 1331 1974 miratus

317 2005 487 2062 adventum.
532 2005 644 2083 legitur
671 2007 701 2063 et
729 2005 870 2078 accurrit,
902 2005 981 2080 quod
1010 2006 1055 2062 est
1082 2005 1210 2078 amplius
1241 2024 1331 2080 quam

316 2095 454 2152 occurrit.
493 2096 633 2153 occurrit:
653 2112 790 2152 occursus
808 2095 868 2152 iste
886 2093 1098 2169 inpatientiam
1116 2093 1245 2151 bominis
1263 2112 1331 2152 vere

316 2183 500 2261 gratulantis
520 2185 662 2243 ostendit:
682 2203 741 2243 uon
761 2184 841 2241 enim
858 2183 1052 2258 ferre-potuit
1071 2182 1164 2242 donec
1181 2183 1332 2258 adipsum

270 2295 298 2334 ao
316 2274 390 2330 litus
423 2272 603 2331 accederent.
648 2274 785 2331 horridas
816 2274 849 2330 ire
879 2273 985 2331 iaculis
1017 2277 1044 2331 ct
1066 2273 1144 2345 pelle
1171 2272 1331 2345 Libystidis

315 2378 415 2427 ursae,
437 2362 526 2420 Troia
546 2361 662 2421 Criniso
685 2365 850 2434 conceptum
867 2364 989 2432 flumine
1005 2364 1099 2420 mater
1116 2378 1199 2433 quem
1215 2364 1332 2435 cerruit:

315 2452 384 2524 ipso
413 2452 491 2507 enim
519 2451 601 2507 cultu
628 2453 674 2508 uti
702 2449 805 2509 debuit
833 2450 885 2525 qui
914 2452 991 2509 esset
1020 2451 1077 2508 tali
1108 2452 1231 2524 parente
1263 2468 1331 2524 pro-

316 2540 449 2616 genitus3
486 2538 610 2597 flumina
637 2539 716 2596 enim
748 2540 810 2597 sine
838 2540 930 2597 vestis
963 2538 1125 2597 ambitione
1156 2538 1331 2614 pinguntur.

316 2628 398 2702 quod
427 2630 471 2685 ait
494 2628 584 2686 Troia
611 2631 719 2701 mater,
748 2647 808 2685 non
829 2628 962 2702 patriam
985 2627 1073 2700 dixit,
1096 2626 1148 2685 sed
1171 2627 1331 2685 Troianam

270 2738 297 2779 so
315 2716 480 2774 mulierem.
526 2716 649 2791 proinde
681 2735 746 2775 cum
779 2716 836 2775 hoc
867 2716 1008 2789 dicimus,
1044 2718 1076 2772 in
1108 2715 1163 2773 tris
1200 2716 1331 2790 syllabas

316 2804 506 2863 ecferendum
534 2808 592 2878 est,
619 2808 655 2863 ut
682 2807 721 2863 sit
749 2807 796 2864 tro
825 2806 898 2862 item
920 2807 933 2861 i
954 2804 1027 2863 item
1051 2823 1078 2863 a.
1123 2808 1251 2863 octmwm
1272 2824 1332 2863 rori

314 2896 459 2952 inmemor
481 2893 530 2951 illc
547 2898 705 2965 porculum
721 2897 859 2966 cratetur
877 2894 1010 2951 reduces:
1034 2892 1222 2951 considerans
1240 2913 1332 2952 unam
1350 2899 1385 2947 40

315 2983 377 3043 sibi
401 2987 431 3040 et
453 2983 514 3040 illis
538 3000 600 3041 esse
624 2982 769 3058 originem
792 2984 925 3040 veterum
949 2982 1118 3059 gratulatus
1141 2986 1186 3041 est
1209 3001 1258 3041 eos
1277 2984 1332 3040 ite·

314 3090 384 3129 rum
413 3071 540 3135 venisse.¹
583 3071 670 3129 buius
698 3070 833 3129 laetitiae
864 3070 944 3145 quod
975 3071 1032 3128 fuit
1065 3069 1203 3148 signum?
1247 3088 1331 3144 uara,

392 3299 406 3344 7
426 3295 514 3357 fertur
533 3308 586 3345 om.
597 3291 656 3344 LR.
720 3299 751 3345 1⁶2
771 3299 837 3346 sunt
855 3294 991 3347 tendentes
1009 3294 1030 3345 L
1050 3310 1103 3346 ras.
1118 3292 1201 3345 unius
1219 3292 1332 3346 litterae

315 3368 387 3419 ante
406 3364 541 3416 tendentes
559 3362 585 3414 R
603 3364 770 3417 intendentes
787 3380 847 3416 nos.
939 3370 971 3416 14
992 3366 1110 3418 occurrit
1127 3365 1235 3418 Acestes
1254 3363 1332 3416 deest

315 3438 347 3489 in
369 3434 433 3499 LR,
458 3433 507 3486 sed
530 3432 693 3501 explicatur.
803 3439 836 3487 18
856 3437 974 3489 occurrit
991 3434 1043 3487 La
1066 3452 1089 3488 o.
1109 3436 1217 3488 Acestes
1235 3434 1278 3486 ed.

316 3513 351 3559 21
378 3512 403 3559 et
430 3506 502 3558 troia
525 3503 584 3556 LR.
615 3505 619 3574 Ι
653 3508 794 3571 occeptum
823 3523 841 3558 a
864 3508 1005 3574 expuncta
1032 3508 1061 3558 et
1088 3522 1117 3559 co
1142 3505 1332 3574 superscripto

315 3579 338 3631 L
365 3576 373 3627 l
396 3591 469 3628 man.
498 3580 689 3643 ueourcepturn
717 3575 749 3627 R.
858 3581 892 3629 26
920 3576 1128 3643 iuecfereridum
1155 3576 1176 3627 L
1208 3576 1279 3641 becs-
1307 3576 1333 3628 R

314 3651 334 3703 b
355 3646 410 3701 del.
430 3665 451 3698 r.
482 3648 486 3712 Ι
521 3652 563 3700 tro
580 3648 643 3699 item
661 3648 672 3698 i
690 3647 752 3699 item
771 3645 823 3698 LR
841 3665 860 3701 u
879 3646 943 3701 add.
959 3666 973 3699 r
990 3648 1117 3717 dactylus
1137 3647 1222 3700 Troia
1240 3653 1265 3700 et
1283 3647 1332 3700 ad-

316 3720 449 3773 ieetioarn
471 3718 576 3770 temere
600 3716 746 3769 substituit
770 3717 812 3770 ed.
832 3716 866 3787 (0
882 3744 915 3763 =
930 3717 982 3770 LR
1005 3717 1134 3771 lacunam
1158 3717 1333 3785 reliquerunt

315 3789 395 3857 ΗΠ).
470 3792 504 3840 29
523 3802 608 3857 quera
626 3786 685 3839 LR.
