3250 4350
348 442 393 509 34
434 382 444 409 i
627 441 768 497 DONATI
785 439 956 497 Inrumpit
975 441 1085 496 VERG.

349 609 464 674 romu
482 610 665 686 praeruptus
688 629 784 685 aquae
801 628 904 670 vcroceus:
936 611 1094 687 descripsit
1108 610 1244 671 aduersa
1267 611 1370 670 omnia

350 708 427 779 quae
461 700 677 780 navigantibus
706 699 867 774 accidunt,
902 718 972 758 cum
1003 699 1170 760 ediverso
1191 703 1370 777 tempestus

349 790 519 851 intervenit.
563 789 594 848 iu·
620 806 733 848 sununs
758 792 793 849 iu
815 793 912 861 'ductu
933 788 1075 863 permeet,
1103 789 1150 848 bis
1164 788 1261 853 'undu
1291 790 1369 849 deti-

348 897 432 940 sccus
463 883 572 940 terram
603 881 680 938 inter
713 881 823 950 fluctus*
856 880 964 952 operit,
999 879 1075 951 furit
1106 883 1203 938 aestus
1233 879 1369 938 tumis?

349 968 490 1029 fluctibus
521 969 606 1027 vario
639 970 723 1027 motu
754 966 943 1026 venientibus
976 970 1029 1026 aut
1056 966 1249 1046 erigebantur
1275 962 1403 1028 navess

349 1057 434 1118 aliae
455 1078 510 1135 per
536 1061 693 1117 tumorem.
711 1057 862 1115 maris'et
888 1055 1076 1115 in'sublime
1107 1056 1285 1115 ferebantur
1315 1059 1371 1116 aut

349 1165 444 1223 usque
477 1147 516 1205 ad
546 1149 642 1204 imum
674 1145 918 1221 deprimebantur
954 1146 1047 1221 aliae,
1083 1145 1151 1204 cum
1186 1147 1233 1205 vis
1269 1145 1371 1204 undae

249 1266 252 1275 ·
350 1236 525 1296 subsideret.
563 1235 638 1294 furit
661 1239 767 1294 aestus
784 1234 917 1294 harenis:
940 1254 1002 1294 non
1020 1235 1118 1294 solum
1136 1233 1243 1309 undas,
1261 1254 1371 1294 rerum

351 1326 443 1385 etiem
475 1325 537 1383 imn
567 1324 670 1401 pelagi
700 1328 915 1399 tempestatum
946 1323 1096 1384 fnrombus
1129 1322 1370 1400 exagitabantur.

350 1414 385 1474 fit
411 1417 474 1473 iam
500 1413 581 1490 quod
607 1412 683 1473 Iuno
709 1412 861 1487 uoluerat,
888 1433 959 1472 nam
981 1417 1143 1489 coeperunt
1170 1413 1283 1471 diversi
1311 1413 1369 1490 agit
1385 1433 1407 1474 u

351 1503 479 1578 denique
501 1502 603 1579 posuit
626 1503 679 1561 tris
696 1501 793 1560 Notus
811 1503 948 1576 obreptus
965 1505 999 1561 iu
1016 1519 1092 1561 saxo
1111 1501 1231 1560 lateritio
1248 1504 1372 1575 torquet>

298 1594 415 1651 notris
437 1591 542 1650 discus
564 1593 602 1650 ob
626 1592 683 1650 alto
706 1593 739 1650 iu
762 1592 862 1650 brevio
886 1595 912 1650 et
933 1591 1037 1666 Syrtis.
1080 1591 1166 1666 quasi
1187 1590 1303 1666 peritus
1326 1591 1372 1650 lo·

351 1699 453 1742 corum
480 1684 514 1740 et·
537 1680 741 1758 navigationis
767 1680 869 1755 posuit
895 1680 934 1739 ab
963 1681 1025 1740 alto
1053 1680 1151 1738 Eurus
1181 1678 1373 1739 ducebat'in

352 1770 458 1847 Syrtis,
481 1771 537 1829 hoc
552 1769 606 1828 'est
629 1769 665 1826 de
688 1769 786 1828 medio
808 1770 931 1845 pelag03
960 1768 1047 1828 aliter
1070 1769 1156 1827 enim·
1172 1789 1233 1828 non
1259 1772 1372 1844 potest,

350 1859 455 1936 utpote
483 1860 536 1936 qui
563 1858 653 1917 flatus
680 1858 790 1917 habeut
819 1877 855 1916 ex
882 1858 1005 1918 orientis
1028 1856 1178 1935 partibus,
1205 1857 1372 1933 inquibus
1385 1876 1407 1919 rs

352 1948 421 2009 sunt
449 1952 479 2006 et
503 1947 619 2023 Syrtes,
647 1966 682 2006 eo
709 1948 834 2024 nuvigin
861 1945 965 2025 cogere
992 1946 1070 2005 unde
1097 1948 1198 2022 potuit
1219 1944 1371 2006 revocare

352 2057 402 2097 sex
432 2039 528 2115 igitur
560 2054 651 2095 naues
684 2037 832 2094 alienatae
860 2041 930 2095 sunt
958 2055 977 2094 a
1004 2033 1123 2110 ceteris3
1155 2055 1216 2094 una
1246 2035 1374 2094 turbate

350 2128 491 2205 primitus
519 2125 550 2185 in
580 2145 640 2202 qua
666 2125 831 2204 navigabat
858 2125 987 2200 Aeneas,
1018 2143 1098 2185 nuuc
1130 2125 1215 2184 casus
1245 2128 1373 2185 octavae

352 2216 542 2275 describitur:
575 2233 681 2283 uuam,
704 2216 822 2292 inquit,
851 2233 925 2288 quoe
947 2215 1054 2288 Lycios
1080 2215 1230 2289 fidumque
1251 2215 1374 2273 cedebat

354 2305 493 2373 Oronten,
525 2303 620 2378 ipsius
652 2308 718 2362 aute
750 2306 847 2363 ocutos
878 2305 980 2377 inpuris
1012 2323 1032 2362 a
1063 2306 1167 2363 uertice
1192 2306 1307 2377 peuce
1337 2306 1370 2362 io
1383 2323 1406 2364 cs

301 2403 351 2451 115
356 2396 485 2471 puppim
499 2395 576 2466 ferit,
592 2394 733 2452 excutitur
742 2410 913 2466 prorsusque
931 2395 1070 2466 mapister
1086 2394 1213 2451 volvito
1225 2394 1259 2450 os
1272 2396 1370 2466 capeat,

352 2489 399 2543 ost
419 2484 503 2541 iilum
526 2488 569 2541 ter
591 2484 696 2554 (luctus
717 2484 825 2540 ibidem
847 2484 958 2554 torquet
980 2498 1070 2554 opens
1098 2484 1207 2541 mcum
1235 2486 1263 2539 et
1290 2483 1372 2555 rupi·

352 2574 408 2631 dus
431 2575 516 2630 corat
538 2588 663 2644 aequore
685 2574 792 2640 cortu,
815 2574 961 2645 apparent
982 2572 1048 2630 rori
1065 2574 1168 2629 nautes
1190 2567 1241 2643 [ise
1256 2572 1373 2644 purpite

353 2665 448 2728 casto,
478 2678 564 2719 arcuo
590 2662 688 2718 cirum
716 2661 888 2733 tabulaeque
911 2664 937 2719 et
961 2659 1051 2719 Troia
1071 2677 1148 2734 paro
1170 2656 1240 2733 per]
1263 2661 1371 2727 undas,

352 2753 388 2808 ut
424 2750 613 2824 conpleretur
649 2749 727 2824 quod
764 2751 898 2825 positum
934 2752 986 2808 est
1016 2748 1241 2823 submersasque
1279 2748 1371 2808 obrue
1384 2763 1407 2809 ss

352 2839 462 2915 puppis
500 2842 529 2896 et
565 2837 672 2897 dissice
708 2856 835 2913 corpora
870 2842 972 2914 ponto.
1033 2837 1111 2913 perit
1148 2856 1219 2914 ergo
1257 2839 1371 2897 amicus

427 3050 440 3096 1
462 3061 505 3111 up:
523 3043 545 3095 L
569 3049 624 3112 atq:
642 3043 667 3095 R
690 3043 788 3095 r=L
813 3043 1002 3111 (superposita
1024 3041 1139 3109 lineola)
1163 3058 1213 3111 pro
1237 3060 1335 3111 aquae.

303 3131 304 3136 ¹
353 3120 480 3169 euectos
497 3114 519 3166 L
538 3121 603 3169 estes
620 3114 645 3166 R
664 3122 754 3169 aestus
771 3132 792 3168 r.
824 3117 827 3182 l
857 3115 894 3167 ha
912 3130 963 3182 pro
981 3116 1092 3168 barenes
1110 3113 1169 3166 LR.
1245 3115 1310 3168 ici
1326 3113 1370 3168 ed

426 3191 442 3239 8
460 3186 629 3240 subsiderent
647 3186 690 3238 ed.
783 3191 798 3237 9
818 3186 999 3255 agitabantur
1017 3185 1059 3238 ed.
1151 3191 1182 3238 11
1202 3191 1330 3254 torquent
1346 3184 1372 3237 It

354 3275 374 3309 u
393 3273 529 3325 suprascr.
550 3256 575 3309 ΙΙ
593 3273 667 3310 man.
687 3257 757 3309 inL
786 3274 805 3308 u
825 3256 879 3309 del.
898 3274 919 3309 r.
1021 3262 1054 3309 12
1078 3258 1170 3310 brevia
1193 3274 1215 3311 e.
1233 3273 1255 3310 8.
1274 3274 1297 3311 s.
1319 3255 1372 3309 Lu

354 3335 431 3399 urget
443 3360 475 3367 —
486 3330 545 3381 uisu
566 3328 656 3398 suppl.
677 3328 729 3392 eu,
749 3328 798 3380 sed
816 3344 874 3380 non
894 3326 1058 3396 explicatur.
1156 3333 1189 3380 16
1204 3330 1301 3396 posuit
1318 3326 1371 3380 bit

355 3416 423 3453 corr.
443 3416 464 3452 r.
557 3404 591 3452 18
606 3400 738 3467 primitus
756 3398 808 3450 LR
828 3399 876 3451 edI
895 3401 1032 3467 premitur
1050 3398 1115 3452 edF.
1209 3404 1241 3451 19
1262 3397 1371 3452 abhoc

354 3486 435 3523 versu
463 3469 510 3523 fol.
532 3476 547 3522 9
575 3486 664 3538 usque
691 3470 722 3522 in
749 3469 796 3523 fol.
820 3475 851 3522 12
880 3486 965 3523 manu
994 3469 1100 3535 aliena,
1129 3470 1178 3522 sed
1205 3472 1319 3523 vetusta
1340 3469 1370 3522 in

355 3541 482 3611 margine
510 3544 620 3608 „textus
644 3540 781 3611 Vergilii“
809 3540 950 3594 lemmatis
978 3540 1152 3609 adscriptum
1180 3544 1225 3595 est
1250 3541 1282 3594 in
1305 3540 1334 3595 Ιι.

356 3617 389 3665 20
409 3619 513 3681 pontus
536 3612 615 3667 deest
638 3613 668 3665 in
691 3612 743 3664 LR
762 3619 862 3681 portus
885 3629 1020 3680 superscr.
1040 3630 1061 3665 r.
1170 3617 1204 3664 22
1229 3614 1309 3667 dium
1327 3611 1367 3665 ed

399 3689 439 3733 23
465 3686 557 3737 certic
582 3702 600 3738 o
626 3698 713 3754 supra
741 3701 755 3739 e
778 3686 936 3737 atramento
964 3684 1071 3753 scripta
1094 3683 1115 3735 L
1143 3686 1234 3738 comis
1258 3683 1285 3737 R
1310 3699 1369 3738 vor·

308 3752 502 3882 &debas
538 3759 614 3824 Post
647 3764 752 3814 nautes
784 3756 916 3827 sequitur
948 3773 1033 3827 usque
1057 3754 1150 3809 uudus
1172 3754 1228 3807 uu
1257 3753 1293 3808 cf.
1319 3757 1370 3845 ¹⁰⁰.
