3250 4350
551 467 569 474 .,
659 416 841 477 AENEIDOS
859 421 886 476 H
1216 422 1282 488 23],

262 590 405 666 imperio,
437 589 490 650 sed
521 589 599 650 deos
623 590 762 665 infestos,
794 592 976 650 enumeratis
1009 593 1044 650 et>
1071 591 1283 651 demonstratis

263 679 405 755 plurimis
438 681 569 739 servavit
597 679 635 739 ad
661 679 803 739 ultimum
829 679 940 739 Iovem.
989 698 1045 740 nee
1076 700 1184 740 nomen
1218 683 1283 741 eins

264 767 352 843 quod.
370 768 424 827 elii
447 768 597 828 eelebrent
620 767 705 843 dixit,
728 767 780 827 sed
804 788 863 844 quo
885 770 952 845 ipsa
976 788 1044 828 eum
1062 770 1216 846 appellare
1234 769 1283 830 de-
1323 783 1333 803 '¹

264 857 332 917 buit
356 876 433 932 qnae
456 858 555 917 fuerat
572 857 636 916 filia
655 877 689 917 eo
708 859 805 934 magis
823 858 916 916 illurn
929 876 1055 917 onerans
1074 858 1197 933 invidie,
1216 877 1284 918 eunr

226 968 249 1008 ‘s
265 946 341 1005 dieit
367 947 432 1021 ipse
458 950 558 1022 pater,
585 947 642 1006 hoe
664 951 709 1007 est
731 949 786 1022 qui
808 950 912 1006 eontra
934 947 1054 1006 malum'
1071 948 1199 1008 aliorum
1221 952 1283 1007 stu*

265 1035 349 1093 dium
376 1036 489 1095 maiore
515 1037 675 1112 potestatis
703 1038 884 1096 auctoritate
911 1055 965 1112 pro
988 1037 1083 1112 nobis
1098 1039 1211 1096 eertare
1234 1036 1283 1096 de·

263 1123 341 1199 buit,
364 1125 429 1199 ipse
452 1144 516 1184 non
534 1127 655 1183 tantum
673 1123 855 1185 Graeeonnn
877 1125 980 1185 fautor
1001 1127 1049 1185 est
1069 1133 1173 1186 verum
1191 1127 1284 1185 etiam

265 1215 381 1273 eeteros
408 1213 478 1273 deos
505 1213 538 1273 in
566 1213 668 1273 odium
692 1213 842 1274 Troianae·
866 1215 1009 1274 utilitatis
1040 1214 1185 1276 aeeendit.
1230 1215 1284 1274 dat

264 1302 361 1379 igitur
379 1301 486 1362 Venus·
504 1302 668 1362 remedium
691 1306 796 1363 eontra
818 1303 904 1363 baeu
940 1305 986 1363 ait
1003 1303 1084 1363 enim
1102 1306 1188 1378 essee,
1207 1309 1284 1373 nate,

222 1414 250 1454 re
263 1392 370 1465 fuqem
395 1393 539 1464 finesque
569 1392 677 1465 iuuene
708 1393 811 1452 labori.
857 1394 928 1469 quia
955 1392 1068 1452 seiebat
1096 1393 1193 1452 filiurn
1224 1413 1285 1453 non

264 1480 395 1539 libenter
418 1480 600 1540 ⁴auditurum
632 1482 790 1543 eonsilium
821 1482 924 1558 fugae,
950 1481 1062 1542 ideireo
1090 1500 1180 1559 supra
1207 1482 1285 1542 dixit

265 1573 318 1643 „tu
331 1589 430 1645 nequa
443 1571 576 1645 parentis
590 1570 673 1629 iussa
687 1571 760 1629 time
773 1590 832 1629 neu
844 1572 1012 1647 praeceptis
1028 1589 1133 1646 perere
1151 1570 1283 1632 reeusa“.

265 1658 430 1718 eedendum
453 1660 533 1718 enirn
554 1659 661 1733 fuerat
685 1658 804 1734 quando
828 1661 920 1718 etiarn
942 1661 1007 1736 ipse
1030 1662 1198 1720 contrarius
1225 1659 1285 1720 fuit

266 1749 321 1823 qui
346 1747 416 1823 plus
443 1751 562 1824 poterat
589 1750 620 1807 et
647 1749 709 1808 suis
735 1749 837 1824 petius
866 1755 957 1824 quam
981 1749 1086 1808 alienis
1110 1749 1211 1809 favere
1234 1750 1284 1809 de-

225 1859 251 1900 rs
266 1837 386 1897 buerat..
419 1838 522 1912 itaque
545 1856 613 1896 eum
636 1837 775 1896 suaderet
791 1838 904 1916 fugam,
923 1838 1027 1897 debuit
1044 1838 1198 1897 ostendere
1218 1840 1284 1913 qui-
1332 1876 1336 1890 ι

265 1925 321 1985 bns
345 1925 466 1986 auxiliis
483 1925 594 2002 inpleri
611 1928 770 2003 potuisset..
801 1928 903 2002 potuit
922 1927 1032 2003 quippe
1050 1927 1167 1986 Aeneas
1186 1928 1284 1986 dicere

265 2015 415 2091 quomodo
433 2033 556 2090 possum
575 2016 678 2093 fugere
697 2016 829 2075 vallatus
847 2016 979 2076 hostiurn
996 2015 1066 2076 telis
1086 2019 1116 2075 et
1133 2014 1283 2076 flammis?

264 2111 426 2177 nusquam,
454 2104 567 2181 inquit,
595 2105 681 2163 abero
710 2108 737 2163 et
758 2107 852 2162 tutum
869 2108 970 2179 patrie
993 2109 1019 2164 te
1041 2106 1142 2165 limine
1163 2108 1338 2165 sistulueto

265 2196 384 2253 diruat
405 2197 431 2251 el
451 2196 557 2267 spese
578 2196 670 2254 noete
692 2212 723 2253 se
745 2194 875 2253 condidit
895 2196 1023 2253 uentris:
1057 2214 1116 2254 non
1140 2195 1216 2255 dixit
1238 2215 1284 2255 re·

226 2304 252 2344 re
266 2284 365 2359 tersit,
387 2282 440 2341 sed
462 2302 493 2343 se
516 2285 590 2360 ipsis
613 2285 709 2343 noetis
728 2284 841 2343 umbris
860 2283 1002 2343 condidit.
1040 2288 1184 2357 apparent
1201 2285 1286 2344 dirae

265 2374 357 2446 facies
380 2373 556 2445 inimicaque
580 2373 686 2431 Troiae
707 2374 833 2431 numina
855 2391 965 2446 meque
980 2374 1083 2432 'deum
1129 2374 1212 2432 dirae
1240 2375 1285 2431 fa·
1343 2363 1345 2368 ’

266 2463 340 2535 cies,
373 2479 450 2536 quae
483 2460 556 2536 quid
587 2464 709 2537 pessimi
738 2461 833 2521 studii
860 2462 960 2522 animo
988 2464 1125 2539 gererent
1151 2462 1285 2521 vultibus

265 2552 456 2609 testarentur.
503 2551 649 2627 apparent
677 2554 706 2609 et
735 2570 811 2627 quae
838 2551 951 2611 nullius
981 2552 1074 2610 oeulis
1106 2550 1287 2611 videbantur

265 2640 346 2699 solus
379 2642 476 2698 matre
508 2659 575 2699 mea
606 2639 788 2716 suffragante
826 2640 983 2699 cernebam
1018 2641 1142 2699 numina
1175 2659 1286 2717 magna

226 2749 251 2789 ee
265 2730 363 2787 deum.
401 2730 520 2804 potiora
538 2728 661 2789 numina
679 2729 746 2805 ipsa
768 2728 909 2789 debemus
930 2725 1115 2807 intellegere,
1136 2748 1213 2805 quae
1237 2748 1286 2788 su·

264 2816 368 2893 perine
392 2816 473 2876 dieta
496 2820 575 2876 sunt·
802 2873 804 2877 ,

336 2906 414 2964 Tuan
436 2924 503 2966 uero
525 2924 609 2965 omae
630 2908 703 2965 milei
725 2909 821 2966 uisum
844 2908 992 2966 eerrsidere
1018 2909 1052 2967 ln
1077 2907 1338 2981 lenis-Illumetu

266 2999 293 3053 et
316 3012 352 3053 ex
373 2997 432 3053 imo
450 2996 523 3054 verli
540 2995 692 3069 Neptunia
712 2998 816 3055 Troia:
839 2997 960 3072 qnando
979 3016 1039 3055 nen
1057 2999 1177 3056 tanturn
1194 2994 1285 3056 Grae·
1333 3046 1335 3050 .

266 3103 317 3144 cos
340 3103 446 3142 verum
469 3084 563 3143 etiam
583 3086 714 3161 potiores
738 3084 808 3144 deos
832 3084 895 3145 vidi
918 3087 1027 3145 nostris
1045 3085 1134 3144 rebus
1151 3085 1286 3160 infestes,

227 3194 252 3234 se
265 3178 339 3232 tune
372 3174 469 3249 magis
501 3173 629 3250 probavi
660 3174 715 3233 illa
748 3192 865 3251 quoque
898 3193 974 3249 quae
1010 3176 1186 3251 supererant
1222 3193 1286 3234 esse

265 3264 411 3338 peritura.
457 3280 492 3321 ae
513 3263 602 3321 ueluti
624 3264 746 3321 sunamie
769 3265 923 3336 antiquam
949 3266 982 3323 lu
1008 3265 1152 3322 mentitus
1180 3281 1286 3321 eruum

338 3456 409 3504 4e0
431 3449 485 3503 th
506 3467 587 3519 eoque
610 3449 653 3505 ed.
689 3454 693 3520 1
726 3450 808 3505 illum
826 3449 879 3503 LR
901 3467 962 3505 eum
985 3450 1028 3504 ed.
1139 3451 1237 3518 lipeo
1260 3450 1286 3502 R

265 3523 324 3590 ipse
344 3538 365 3573 r.
436 3526 469 3574 18
488 3522 641 3576 cadendum
659 3520 685 3573 It
702 3522 757 3575 recl.
776 3538 798 3575 r.
869 3527 902 3575 18
921 3527 1010 3575 tutum
1028 3538 1083 3575 om.
1099 3520 1142 3574 ed.
1207 3524 1242 3574 20
1259 3536 1286 3574 ae

265 3591 373 3661 ipeieL
392 3592 425 3647 de
444 3592 513 3661 ipee'e
530 3592 556 3645 It
574 3594 611 3662 (ae
630 3592 787 3663 corripere)
805 3610 833 3647 ee
850 3594 946 3661 spiens
963 3610 978 3644 r
995 3592 1090 3646 neseio
1110 3607 1147 3644 an
1165 3593 1249 3645 reete.

266 3669 301 3717 22
319 3664 410 3719 studit
427 3666 522 3718 auimo
539 3670 661 3747 reperent
678 3663 731 3716 Le
748 3663 839 3719 audii
855 3681 882 3717 a.
899 3669 1021 3734 parerent
1038 3681 1053 3716 r
1075 3664 1164 3717 studii
1180 3664 1286 3717 animo·

265 3733 803 3860 Ἵ-Ηοάλ1αηῗκοφὲῗροΐε1.
858 3734 1092 3858 ἳὸἕαριιαεοᾱ.
1148 3738 1182 3788 24
1200 3739 1287 3789 nratre

265 3824 299 3861 ea
363 3823 553 3861 m.mear=
591 3848 597 3861 .
725 3821 933 3874 unequume.
994 3856 996 3858 ,
