3250 4350
659 428 842 484 AENEIDOS
860 428 888 482 11
912 474 915 478 .
939 431 941 433 ’
1218 429 1283 494 241

264 602 384 675 retinet,
399 617 463 658 eece
484 601 618 659 exoriens
635 598 767 658 subitum
782 601 812 657 et
825 598 962 658 mirabile
976 601 1142 658 monstrum
1156 599 1285 678 gemitus

265 691 330 749 eius
349 692 380 748 et
398 689 543 747 elamores
562 689 691 764 abrupit.
728 706 855 761 narnene
876 706 984 747 mannes
1002 691 1078 747 inter
1095 693 1285 748 maestorum·

263 796 320 852 qne
348 795 402 837 ere
424 781 585 852 parentem
612 795 672 837 eece
700 778 770 836 lenis
797 794 911 836 semme
934 778 970 836 de
992 779 1095 836 vertice
1117 781 1199 836 niens
1221 778 1285 836 Inte'

264 868 391 941 frendere
408 867 507 925 temen
525 885 600 940 apen
615 870 752 940 ¹teetnqne
768 869 892 925 benonin
909 867 1006 925 mollis
1023 867 1150 925 lambere
1163 869 1286 939 flemme

237 973 364 1017 serenes
378 960 406 1015 et
417 958 527 1015 eirenen
541 961 671 1030 ternpore
679 957 782 1029 pasci:
799 975 869 1015 vere
887 955 932 1014 eit
950 954 1087 1014 mirabile
1106 958 1284 1028 menstrum3

264 1044 378 1104 fiebant
401 1045 481 1103 enim
502 1045 599 1107 multe
623 1048 727 1104 eontra
749 1046 889 1103 naturum
909 1064 1018 1118 rerum,
1038 1047 1073 1102 ut
1095 1044 1225 1102 humane
1249 1044 1285 1103 de

266 1135 365 1210 sepite
394 1135 479 1209 spice
505 1136 571 1210 ipso
598 1133 729 1193 incendii
761 1134 935 1210 procederet
965 1134 1065 1192 lumen
1097 1151 1152 1192 nec
1183 1135 1285 1192 tamen

265 1223 391 1299 puerilis
414 1241 514 1282 comes
537 1223 719 1299 perindeque
741 1223 842 1283 mollis
866 1241 901 1282 ec
921 1225 1039 1282 teneres
1057 1226 1194 1298 tempore
1212 1241 1284 1298 que·

266 1331 324 1388 que
352 1313 421 1389 ipse
447 1331 623 1389 percurrens
650 1314 785 1371 exureret
811 1314 865 1371 eut
887 1312 994 1371 saltem
1017 1312 1124 1370 leviter
1145 1312 1285 1386 laederet,

220 1402 350 1478 repasci
377 1419 496 1477 quoque
523 1401 600 1459 illud
632 1399 801 1460 incendium
834 1401 947 1460 viribus
980 1402 1054 1475 suis,
1086 1420 1146 1460 nen
1176 1400 1286 1459 nutriri

264 1491 454 1549 detrimentis
477 1490 592 1549 alienis.
637 1507 690 1549 nos
708 1490 817 1564 pavidi
839 1491 986 1562 trepidare
1008 1495 1086 1549 mete
1112 1492 1277 1564 crinemque
1286 1494 1339 1546 68⁶

264 1581 441 1653 stuprantem
472 1583 601 1639 mentm
628 1584 654 1639 et
679 1583 794 1638 ednotus
825 1581 1003 1662 restinqnere
1034 1580 1164 1653 fontibus
1194 1581 1286 1653 iente

264 1687 320 1727 nos
343 1670 458 1742 inquit,
484 1668 541 1727 hoc
564 1671 611 1728 est
632 1671 785 1744 parentes,
813 1686 905 1744 supra
932 1669 1012 1726 enim
1039 1667 1115 1727 dixit
1137 1686 1285 1744 „nemque

265 1775 373 1816 manus
392 1758 472 1816 inter
488 1760 729 1832 maestorumque
748 1776 802 1818 ore
819 1759 978 1833 parentum
997 1774 1063 1815 ecce
1081 1757 1156 1817 levis
1170 1775 1286 1817 summo

223 1840 251 1908 rs
266 1846 302 1904 de
325 1847 438 1905 vertice
460 1847 542 1906 visus
561 1846 620 1905 Iuli
642 1847 767 1905 fundere
789 1847 891 1904 lumen
914 1844 1016 1921 epex“.
1062 1864 1115 1905 uos
1139 1864 1210 1923 ergo
1233 1866 1286 1923 pe·

265 1938 380 2010 rentes,
414 1935 520 2011 quibus
552 1937 585 1994 iu
618 1953 708 1995 cause
739 1935 871 1994 filiorum
899 1936 991 1993 etiem
1018 1934 1098 1994 levia
1125 1937 1156 1992 et
1183 1953 1286 1995 secure

265 2028 407 2101 suspecte.
426 2028 504 2098 sunt,
523 2025 748 2102 exegitebemus
768 2043 786 2084 e
805 2023 936 2082 crinibus
954 2023 1090 2082 flemmes
1113 2026 1144 2082 et
1167 2027 1285 2084 sanctos

265 2113 346 2192 ignis
379 2114 530 2172 contremo
562 2113 711 2172 undarum
744 2114 889 2172 elemento
922 2113 1119 2191 restinguere,
1155 2113 1286 2174 humano

267 2204 385 2262 seilicet
408 2222 507 2262 errore
531 2203 616 2262 ducti
640 2203 719 2279 quod
742 2202 878 2263 divinum
900 2203 999 2261 fueret
1022 2222 1114 2279 prope
1133 2204 1286 2281 sacrilegis

225 2292 406 2352 comunibus
433 2292 614 2368 adpetentes.
661 2298 692 2352 at
713 2297 801 2366 peter
823 2291 966 2351 Anchises
993 2293 1090 2351 nenne
1117 2294 1158 2351 ed
1186 2292 1286 2352 sidere

265 2384 361 2441 leetns
389 2382 490 2440 eninitt
516 2386 543 2441 et
568 2382 647 2441 eaelo
669 2382 791 2456 palmes
819 2399 885 2440 enne
906 2398 974 2440 eece
996 2383 1126 2440 tetendit:
1161 2382 1285 2455 interes,

265 2472 379 2547 inquit,
411 2472 498 2545 pater
528 2489 626 2545 meus,
657 2488 748 2546 penes
781 2489 871 2545 quem
903 2473 1083 2528 secretorum
1113 2471 1285 2529 caelestium

265 2561 357 2636 plene
389 2559 515 2618 scientie
546 2560 618 2633 suit,
650 2557 736 2619 nobis
763 2558 866 2618 insciis
895 2560 1087 2634 omniumque
1114 2552 1228 2635 ignaris
1256 2563 1286 2617 et

264 2648 403 2725 trepidis,
426 2649 506 2707 solus
528 2649 562 2707 in
579 2650 729 2707 laetitiam
746 2649 868 2724 repente
887 2650 1022 2706 mutatus
1041 2651 1085 2706 est
1103 2648 1286 2723 tendensque

229 2756 253 2797 es
267 2738 306 2797 ed
339 2737 439 2797 sidere
471 2738 571 2797 oeulos
604 2755 639 2795 sc
671 2755 777 2796 manus
809 2738 927 2796 locutus
955 2739 1000 2795 est
1026 2737 1113 2795 haec:
1149 2737 1286 2810 Iuppiter

266 2829 463 2901 mrmipotens,
480 2828 619 2899 precibus
641 2829 670 2885 se·
691 2828 813 2898 (tenteris
835 2826 919 2893 eltis,
942 2828 1039 2899 nenne
1061 2842 1115 2884 nes
1137 2827 1190 2885 boe
1212 2831 1339 2885 ten-690

266 2922 329 2975 tenn
360 2920 395 2984 et,
423 2917 451 2973 sn'
475 2918 585 2988 pietate
612 2933 772 2983 merernwr,
801 2916 842 2974 de
870 2914 974 2973 deinde
1004 2915 1163 2983 enndinm,
1188 2920 1285 2989 peter,

266 3010 354 3079 ctqne
379 3005 450 3063 baec
477 3006 577 3063 ennea
603 3006 701 3075 brnen.
746 3022 841 3079 usque
869 3003 942 3062 adeo
970 3003 1081 3062 bonum
1110 3005 1209 3063 visum
1241 3007 1287 3063 est

266 3093 349 3169 petri
372 3112 438 3152 meo
461 3093 540 3169 quod
563 3095 686 3169 repente
699 3088 908 3152 'monstratum
931 3096 985 3167 est,
1008 3094 1043 3151 ut
1065 3093 1201 3168 precibus
1220 3093 1286 3152 Iovi

228 3202 253 3243 n
267 3183 368 3242 effusis
392 3181 646 3241 confirmationem
668 3184 783 3258 peteret
806 3182 888 3240 fecti.

340 3393 358 3440 4
376 3387 526 3454 mollibit,
541 3387 591 3441 sed
604 3388 695 3442 mellis
708 3385 874 3456 explicetur.
924 3391 939 3437 9
955 3387 1077 3441 esuriret
1089 3385 1142 3439 LR
1156 3403 1225 3440 cerr.
1240 3404 1262 3439 r.
1279 3386 1283 3457 Ι

266 3460 384 3515 salntem
402 3458 455 3511 LR
472 3459 568 3513 saltem
586 3459 629 3514 ed.
685 3463 736 3511 >11
755 3459 910 3526 crimenque
927 3456 980 3509 LR
999 3473 1067 3511 corr.
1086 3475 1108 3510 r.
1188 3464 1220 3510 17
1240 3474 1285 3511 ex·

266 3532 443 3602 apitabamns
463 3529 517 3582 LR
544 3530 744 3585 excutiebemns
770 3526 801 3583 r‘.
837 3531 841 3597 Ι
879 3530 997 3596 flammis
1019 3528 1071 3581 LR
1099 3545 1167 3582 cerr.
1191 3547 1212 3581 r.

268 3608 301 3657 18
320 3602 410 3672 sipne's
427 3599 480 3653 LR
499 3616 567 3655 corr.
586 3619 608 3654 r.
633 3603 638 3670 Ι
666 3604 834 3670 restinpnere
852 3599 903 3652 LR
922 3600 1082 3669 -qnebnmns
1098 3616 1113 3651 r
1131 3600 1286 3653 nitebamur

267 3672 495 3728 edd.ed.nescio
510 3674 644 3727 enmcte.
672 3688 673 3691 ’
699 3677 732 3725 21
748 3671 902 3727 tenditLR
915 3686 984 3723 corr.
994 3687 1015 3722 r.
1071 3676 1105 3722 22
1124 3677 1285 3725 secretnrnn

266 3746 319 3799 th
337 3760 481 3799 sacrorum
499 3743 543 3797 ed.
557 3743 592 3798 ef.
610 3747 704 3809 1,480.
761 3748 795 3796 23
814 3742 987 3811 omniumque
1005 3740 1057 3793 Lu
1076 3758 1126 3810 qne
1140 3758 1194 3796 om.
1205 3742 1247 3796 ed.

266 3814 448 3886 26preesbns
466 3830 519 3868 om.
538 3814 675 3869 LRedd.
694 3814 770 3870 red.
844 3818 878 3866 28
893 3813 991 3867 emnia
1009 3811 1062 3865 LR
1080 3829 1149 3867 corr.
1168 3831 1190 3867 1.

320 3916 380 3957 Don.
394 3914 490 3963 interpr.
500 3913 568 3965 ἵεις.
589 3913 633 3954 vol.
644 3914 662 3954 1.
1042 3907 1079 3957 its
