3250 4350
347 422 392 485 60
626 419 766 475 DONATI
783 420 952 476 INTERPR.
971 420 1078 475 VERG.

346 592 408 649 ctat
430 591 559 649 occentu:
581 594 704 666 propter
727 591 813 666 quod.
829 591 942 650 dictum
961 594 1006 650 est
1025 594 1165 664 „cunctus
1183 589 1221 649 ob
1239 589 1353 650 Italiam
1398 618 1399 693 ,

346 684 495 738 terrarum
513 678 663 738 clauditur
681 678 777 739 orbis“
797 684 827 739 et
846 681 917 756 quia
935 679 1051 739 dixerat
1063 679 1165 738 Venus
1183 679 1277 755 „caeli
1296 680 1354 756 qui-

346 767 403 828 bus
422 767 528 828 adnuis
547 766 671 843 arcem“,
685 769 729 827 ait
742 769 879 845 Iuppiter
897 771 1103 842 sublimemque
1119 770 1196 842 feres
1209 770 1355 828 adsidere

294 859 430 917 accareu
451 859 673 932 magnanimum
695 855 819 917 Aeacon
845 875 937 930 oeque
962 875 1007 917 mc
1033 860 1174 917 sententio
1199 860 1297 927 uertit,
1326 859 1357 916 ut

346 946 539 1024 responderet
564 945 612 1004 illi
633 948 728 1022 parti,
756 965 818 1022 qua
841 946 955 1006 dictum
978 949 1023 1017 est
1045 966 1141 1022 „quae
1163 949 1207 1022 te,
1235 946 1357 1025 genitor,
1377 963 1385 1004 ι

347 1037 495 1096 sententia
517 1032 647 1095 vertit?“
692 1039 728 1094 ut
750 1038 849 1095 autem
874 1036 1058 1112 apertiorem
1086 1037 1199 1095 faceret
1225 1035 1357 1112 speciali·

346 1127 442 1189 tatem
469 1125 580 1200 ipsam,
609 1124 725 1183 addidit
743 1119 840 1191 ‚etiarn
863 1125 928 1201 ipse
950 1124 1088 1201 Iuppiter
1109 1126 1241 1184 fatorum
1265 1125 1358 1201 dispc-

347 1214 486 1273 sitionem
509 1217 540 1272 et
563 1232 681 1272 omnem
703 1215 798 1281 futuri
820 1214 963 1290 temporis
987 1232 1106 1273 cursum
1129 1217 1169 1289 et,
1196 1213 1267 1272 dum
1290 1214 1359 1272 haee

347 1304 437 1379 plena
469 1302 655 1362 ordinatione
687 1304 853 1380 ponuntur,
885 1303 917 1362 in
947 1303 1031 1362 brevi
1059 1302 1251 1379 conplexicne
1280 1322 1358 1362 mon-

348 1395 462 1450 stratur
490 1391 563 1466 quid
590 1394 690 1451 textus
717 1391 888 1470 Vergiliani
918 1392 1058 1452 carminis
1091 1394 1168 1452 esset
1193 1391 1358 1451 habituras.
1371 1408 1390 1450 o

346 1482 433 1558 gesta
455 1482 535 1539 enim
557 1481 660 1558 tetigit
683 1500 759 1556 quae
783 1481 908 1541 saeculis
932 1480 1069 1540 omnibus
1092 1481 1130 1540 ab
1147 1480 1250 1539 Aenea
1270 1499 1359 1557 usque

260 1593 262 1596 ’
347 1570 385 1628 ad
401 1568 535 1629 Caesaris
554 1570 690 1645 tempora
709 1574 739 1629 et
756 1571 851 1646 ipsius
867 1569 1001 1630 Caesaris
1020 1569 1147 1629 scribere
1166 1569 1359 1646 disposuerat

347 1658 399 1719 sed
424 1659 498 1717 haec
524 1660 557 1716 in
584 1659 678 1734 ipsius
706 1661 837 1718 carmine
863 1658 974 1718 idcirco
1000 1660 1135 1734 perquiri
1162 1678 1222 1719 non
1244 1658 1360 1733 debent,

348 1749 419 1824 quia
451 1747 508 1807 fine
539 1747 662 1806 vivendi
692 1747 848 1807 conclusus
879 1749 1034 1824 proposita
1065 1747 1204 1823 nequivit
1234 1748 1360 1824 inplere:

347 1836 571 1912 dispositionem
604 1855 689 1896 suam
720 1839 822 1895 tamen
853 1836 902 1895 in'
921 1837 978 1896 hoc
1013 1837 1090 1896 libro
1127 1836 1269 1914 signavit.
1314 1836 1391 1896 hicn

346 1927 418 1985 licet
449 1924 595 1999 inspicere
627 1945 687 2001 qua
719 1929 783 1984 arte
814 1925 946 1984 carmina
973 1945 1028 1985 sua
1055 1926 1206 2004 Vergilius
1233 1927 1360 2001 repleat;

347 2033 439 2091 supra
467 2015 558 2088 enim,
585 2018 622 2072 ut
649 2015 708 2073 cito
737 2033 871 2073 securam
893 2014 1040 2073 Venerem
1067 2016 1192 2088 faceret,
1219 2033 1292 2075 usus
1318 2016 1361 2074 est

347 2104 503 2176 brevitate,
522 2101 573 2160 ubi
596 2121 729 2163 securam
752 2103 903 2162 succincta
924 2104 1053 2163 dictione
1072 2105 1206 2180 perfecit,
1223 2105 1361 2181 promisit

347 2195 519 2252 futurorum
542 2192 662 2270 longam
686 2194 749 2251 fore
771 2194 1014 2267 insinuationem,
1032 2213 1109 2269 quae
1130 2213 1183 2269 pro
1204 2193 1360 2252 auditurae

346 2301 473 2358 persona
496 2281 599 2340 odiosa
622 2300 684 2341 esse
707 2301 767 2340 non
790 2283 898 2358 potuit.
934 2282 1063 2340 libenter
1081 2284 1160 2341 enirn
1174 2282 1276 2341 Venus
1295 2298 1392 2358 pro-n

346 2372 474 2431 lixitatis
496 2372 590 2446 ipsius
613 2370 769 2430 fastidium
791 2374 957 2447 respueret,
984 2390 1059 2447 quae
1083 2373 1238 2447 conposito
1262 2374 1359 2430 animo

347 2462 526 2538 cognoverat
548 2479 578 2519 se
601 2479 647 2519 res
670 2478 829 2535 prosperas
853 2460 1031 2518 audituram.
1077 2460 1133 2519 hoc
1156 2479 1218 2519 esse
1242 2479 1360 2519 servan·

346 2551 417 2608 dum
439 2551 472 2608 in
494 2548 605 2607 talibus
630 2552 726 2607 causis
750 2550 842 2607 etiarn
861 2549 1016 2608 Terentius
1041 2549 1134 2622 docet,
1156 2551 1209 2624 qui
1231 2548 1309 2608 dixit
1329 2549 1360 2606 in

346 2638 461 2697 Andria
485 2629 529 2716 (2,
546 2640 574 2711 2,
591 2630 623 2718 1)
648 2638 717 2712 „sed
735 2638 787 2696 ubi
805 2639 956 2696 inveniam
975 2638 1175 2713 Pamphilum,
1194 2640 1230 2695 ut
1247 2641 1360 2697 metum

345 2730 379 2785 in
402 2746 459 2802 quo
483 2744 561 2784 nunc
584 2729 629 2785 est
648 2726 778 2785 adimam
797 2730 887 2802 atque
907 2726 1042 2802 expleam
1060 2729 1193 2786 animum
1212 2724 1360 2803 gaudio?“
1373 2742 1394 2784 a

346 2835 406 2875 non
429 2817 507 2873 enim
531 2820 700 2874 convertere
723 2816 856 2874 animum
880 2817 1028 2892 quispiam
1051 2818 1152 2891 potest
1174 2816 1212 2873 ad
1239 2815 1360 2874 audien·

347 2906 427 2984 dum,
450 2906 509 2962 nisi
532 2905 677 2963 fueritin
700 2906 818 2963 timoris
841 2923 930 2963 causa
953 2904 1084 2964 securior
1105 2906 1210 2963 factus.
1246 2906 1294 2963 hie
1311 2906 1362 2963 tibi

345 2997 446 3068 febor:
471 2993 605 3052 dicturus
629 3012 738 3051 arcana
760 2995 892 3052 fatorum
916 3013 993 3069 quae
1016 2994 1092 3051 nulli
1115 2995 1161 3052 fas
1180 2995 1258 3052 esset
1276 3011 1361 3053 nosse

347 3082 533 3143 commendat
556 3082 689 3141 sensibus
712 3082 792 3140 filiae
817 3086 846 3140 et
864 3082 896 3140 id
914 3101 945 3141 se
963 3082 1078 3141 inlicite
1097 3084 1193 3142 facere
1212 3082 1360 3158 adfirmat,

345 3176 381 3230 ut
393 3173 448 3230 illa
466 3170 573 3229 melius
592 3174 727 3229 nosceret
743 3171 914 3229 benivolum
933 3170 1066 3229 studium
1084 3171 1179 3247 patris
1198 3174 1229 3230 et
1247 3176 1361 3231 secreta
1374 3190 1400 3229 so

347 3263 523 3338 contegeret.
563 3259 620 3333 hic,
643 3260 752 3335 inquit,
774 3260 832 3319 tibi
855 3260 953 3318 fabor:
976 3260 1043 3332 tibi,
1062 3262 1115 3335 ait,
1134 3262 1278 3335 quoniam
1299 3260 1363 3320 filia

420 3453 452 3500 10
471 3453 561 3501 tentem
574 3446 626 3499 LR
639 3446 686 3499 hic
701 3450 730 3500 et
743 3446 849 3514 ubique
864 3453 1005 3501 contentus
1023 3447 1066 3502 ed.
1124 3452 1156 3501 lo
1174 3448 1298 3516 conavit
1311 3447 1363 3500 LR

346 3520 467 3586 tirmacit
481 3519 524 3572 ed.
575 3524 608 3572 21
624 3520 712 3587 ipsius
722 3518 774 3571 LR
788 3520 865 3572 illius
880 3518 922 3572 ed.
974 3524 1007 3571 23
1022 3520 1169 3572 terrentius
1182 3520 1225 3587 (ut
1238 3518 1362 3588 plerum-

347 3594 412 3659 que)
431 3590 460 3643 L.
539 3594 571 3642 25
591 3592 749 3658 caprimum
768 3590 820 3642 th
839 3592 970 3643 arronem
987 3608 1001 3641 r
1020 3592 1144 3643 antonum
1163 3588 1193 3645 r'.
1273 3596 1307 3643 ιθ
1326 3591 1363 3643 od

347 3663 516 3715 armandum
536 3678 588 3714 om.
609 3661 665 3714 ed:
693 3664 758 3729 post
777 3662 902 3715 animum
924 3659 1027 3714 hocin
1044 3660 1071 3713 H
1090 3662 1186 3715 extare
1204 3659 1278 3714 falso
1298 3678 1362 3716 con-

346 3733 440 3785 tendit
457 3750 481 3785 v.
493 3732 519 3783 d.
530 3732 644 3785 Hoeven
658 3750 685 3801 p.
697 3738 739 3786 42.
798 3737 904 3786 27-28
922 3733 967 3787 hic
985 3733 1036 3786 troi
1052 3732 1133 3797 fabor
1151 3731 1204 3784 th
1222 3732 1272 3786 edl
1290 3734 1362 3787 enim

350 3807 446 3857 eontra
463 3803 724 3871 interpretationem
744 3803 808 3856 add.
828 3803 894 3857 edF.
951 3809 983 3856 29
1002 3804 1126 3858 sensibus
1143 3802 1196 3856 LR
1214 3804 1258 3857 ed.
1278 3821 1306 3859 ae
1323 3810 1364 3859 a?
