3250 4350
704 413 887 468 AENEIDOS
905 414 944 467 VI
1266 416 1331 480 587

313 602 400 643 casus
423 586 537 642 variari
558 584 715 659 potuisset.
762 586 827 642 erat
850 602 967 644 cernere
990 585 1079 642 illum
1102 585 1221 660 Tityon,
1247 584 1332 644 cuius

313 674 442 732 informe
470 692 576 748 corpus
604 692 712 731 novem
738 674 877 750 iugerum
899 675 1031 749 spatium
1054 674 1231 749 occupabat:
1263 674 1333 733 huic

314 763 396 820 enim
417 780 472 837 pro
496 761 647 821 sceleratis
671 761 809 821 admissis
833 762 935 820 vultur
952 763 1082 823 inmanis
1102 762 1255 838 adpositus
1274 763 1333 821 fuit

314 851 438 930 grandis
466 855 496 908 et
524 869 629 909 saevus
658 847 766 909 natura
794 854 826 910 et
851 851 1026 928 inexplebili
1053 854 1173 918 ventre,
1202 855 1333 911 rostrum

270 962 298 1002 —e
315 940 428 999 habens
452 939 609 1014 obuncum,
627 943 734 1015 aptum
754 941 868 999 scilicet
886 940 925 998 ad
942 939 1096 999 inferenda
1115 941 1197 999 mala
1216 945 1246 999 et
1264 959 1332 1000 con·

315 1028 466 1088 sumendis
488 1029 652 1088 visceribus
672 1032 864 1104 conpetenter
882 1033 1039 1089 armatum.
1075 1030 1124 1088 cui
1141 1050 1178 1087 ne
1197 1029 1333 1088 deessent

315 1119 448 1176 membra
473 1137 549 1193 quae
572 1137 689 1193 semper
711 1118 854 1193 inprobus
872 1121 995 1194 peteret,
1014 1120 1112 1178 carnis
1131 1119 1332 1178 inmortalitas

314 1227 375 1265 nou
399 1206 509 1281 deerat,
532 1227 592 1266 uon
614 1225 674 1282 quo
696 1206 848 1282 reparatio
868 1207 1015 1266 viscerum
1034 1207 1155 1267 domino
1173 1209 1332 1284 profutura

315 1298 496 1372 suppeteret,
520 1296 571 1354 sed
595 1297 725 1355 sarciens
749 1296 928 1355 detrimenta
951 1315 1027 1372 quae
1049 1297 1153 1356 vultur
1179 1296 1331 1370 intulerat,

270 1407 299 1446 ro
315 1404 352 1443 ne
371 1403 468 1460 poena
486 1385 707 1460 conquiesceret
726 1385 858 1460 corporis
877 1384 1030 1444 deficiente
1049 1386 1226 1446 substantia.
1261 1387 1332 1458 quid

314 1491 469 1532 mammem
503 1474 664 1546 Lapithas,
699 1475 810 1533 laloua
846 1473 1082 1548 Pirithoumque?
1136 1489 1207 1548 quos
1243 1492 1333 1548 super

313 1568 383 1622 atra
410 1564 483 1621 silea
508 1565 631 1621 mulam
660 1565 783 1635 lapsura
815 1563 984 1636 cadentique
1014 1565 1137 1623 iumluet
1167 1564 1332 1623 adsimilis?

315 1670 409 1729 genus
433 1653 478 1710 est
500 1653 646 1710 transitus
669 1671 722 1727 per
745 1651 944 1725 omissionem,
964 1653 1043 1728 quod
1065 1653 1177 1712 idcirco
1200 1654 1332 1728 ponitur,

315 1761 353 1800 ne
376 1740 561 1800 continuatio
584 1739 765 1800 narrationis
788 1741 949 1800 horrescat.
986 1760 1056 1818 ergo
1080 1744 1125 1800 ait
1148 1741 1220 1817 quid
1242 1741 1332 1817 Lapi-

270 1849 299 1891 ιε
315 1831 384 1888 thas
412 1849 586 1902 memorem,
614 1847 704 1905 supra
731 1847 805 1904 quos
833 1830 963 1905 pendens
991 1849 1096 1889 saxum
1122 1833 1240 1888 ruinam
1264 1851 1333 1906 pro·

316 1919 413 1977 mittit
435 1937 489 1977 nec
511 1921 611 1977 tamen
637 1918 726 1992 cadit,
745 1919 779 1976 ut
801 1921 946 1994 perpetuo
969 1922 1051 1977 metu
1075 1919 1208 1979 subiecta
1230 1921 1332 1978 noxio·

315 2028 383 2066 rum
414 2026 497 2066 mens
533 2007 645 2085 iugiter
681 2010 892 2066 concremetur.
942 2008 1039 2066 luccat
1066 2009 1231 2081 partialibus
1263 2008 1333 2067 altis

315 2115 410 2156 aurea
440 2098 539 2171 fulcra
570 2099 642 2155 toris
673 2096 830 2169 epulaeque
861 2101 928 2155 aute
959 2113 1013 2155 ora
1041 2101 1171 2170 paratae
1206 2099 1385 2170 replfiaoeoe

316 2188 404 2246 lucu:
427 2190 458 2245 et
479 2188 563 2245 torus
585 2185 706 2263 regifico
729 2186 804 2244 luxu
826 2186 925 2245 fuerat
947 2188 1071 2262 paratus
1095 2189 1125 2245 et
1147 2189 1331 2262 praepositio

270 2277 482 2351 scapularum,
506 2293 566 2334 non
589 2275 660 2351 quie
682 2275 729 2334 his
752 2275 800 2333 uti
822 2278 1002 2349 meruerant,
1020 2275 1072 2334 sed
1090 2277 1125 2333 ut
1143 2276 1181 2333 ab
1199 2276 1246 2334 his
1264 2296 1332 2350 pro·

315 2365 406 2424 hibiti
425 2364 606 2423 cruciatibus
624 2362 762 2423 maximis
782 2363 985 2423 adficerentur.
1018 2364 1183 2423 Furiarum
1201 2367 1333 2424 maxima

314 2457 399 2513 lucta
422 2454 545 2514 accubat
567 2456 593 2511 et
615 2454 752 2511 manibus
769 2454 904 2527 prohibet
925 2455 1087 2526 coutiupere
1108 2470 1224 2513 mauras
1247 2471 1332 2513 mur·

312 2545 410 2617 piique
436 2534 531 2615 saccea
558 2543 690 2601 attollens
717 2546 803 2615 atque
830 2544 944 2601 iulouat
964 2560 1029 2601 ore:
1059 2542 1187 2618 denique
1209 2542 1257 2601 his
1280 2543 1333 2600 ad·

314 2634 416 2708 posita
447 2632 546 2690 fuerat
577 2632 707 2689 maxima
734 2631 908 2707 Furiarum,
940 2650 1017 2708 quae
1049 2650 1098 2690 eos
1125 2651 1185 2690 non
1212 2634 1333 2691 tantum

270 2741 301 2783 as
315 2720 488 2797 prohiberet
512 2720 548 2778 ab
573 2720 677 2795 epulis,
700 2719 752 2779 sed
772 2719 853 2795 ipsas
872 2738 989 2796 quoque
1009 2738 1125 2779 mensas
1144 2739 1204 2779 non
1223 2722 1333 2779 sineret

315 2810 365 2869 vel
388 2809 526 2867 manibus
549 2810 681 2886 tangere,
705 2827 850 2885 exurgens
870 2808 962 2867 etiam
979 2827 1051 2869 voce
1069 2827 1180 2888 magna
1197 2809 1333 2885 perinde-

316 2917 375 2973 que
398 2897 526 2957 terribili
548 2900 639 2973 atque
650 2941 1242 2957 ............................
1251 2900 1332 2958 vocis

315 3007 408 3062 opera
430 2986 663 3063 prohibitionem
686 2986 784 3061 ipsam
807 2985 1002 3045 confirmaret.
1047 2989 1094 3046 lac
1117 2990 1222 3061 qulbus
1245 2990 1333 3047 aanor

314 3079 438 3149 fratres,
463 3076 615 3135 clamella
638 3076 787 3144 manebat,
804 3077 978 3147 pulsatusve
994 3095 1108 3150 parcus
1131 3082 1158 3135 et
1179 3078 1266 3149 fraus
1288 3080 1333 3135 ia·

389 3234 404 3280 3
423 3229 560 3282 scalaoria
578 3228 687 3282 amasus
700 3227 725 3280 V
738 3228 883 3281 sceleribus
901 3228 1028 3282 marucia
1047 3228 1090 3281 ed.
1107 3232 1110 3295 1
1127 3229 1184 3294 fuit
1197 3228 1223 3280 V
1240 3229 1334 3295 fuerat

315 3299 360 3353 ed.
419 3306 435 3353 ὁ
454 3300 627 3365 iufereudura
645 3299 720 3352 mala
738 3298 763 3351 V
782 3298 826 3351 ed.
885 3303 901 3351 9
921 3300 1027 3353 arciens
1045 3298 1078 3353 V.
1139 3304 1172 3352 10
1191 3317 1225 3352 ue
1243 3316 1296 3352 om.
1307 3299 1333 3353 V

315 3388 386 3423 corr.
401 3370 444 3424 ed.
462 3371 466 3440 Ι
486 3371 607 3439 corporis
620 3374 646 3423 et
661 3368 686 3423 V
704 3375 730 3424 et
748 3368 802 3422 del.
813 3369 857 3423 ed.
923 3375 954 3423 11
970 3371 1098 3440 laptptas
1111 3370 1144 3423 V.
1210 3376 1243 3423 16
1261 3378 1333 3425 metu

315 3442 342 3493 V
361 3442 445 3495 metui
463 3441 506 3494 ed.
523 3442 528 3509 Ι
548 3457 680 3495 aemorum
699 3440 742 3493 ed.
803 3445 836 3494 17
856 3447 1038 3495 reuocaretur
1055 3440 1081 3492 V
1098 3443 1235 3496 audetur
1253 3442 1296 3495 ed.

315 3520 350 3565 21
370 3514 543 3579 afficeremur
560 3511 586 3565 V
605 3528 673 3565 corr.
689 3511 731 3566 ed.
806 3517 840 3565 22
856 3512 960 3580 proicit
979 3511 1012 3566 V.
1036 3512 1217 3637 &eucarpum
1235 3515 1333 3566 contra

315 3586 437 3637 metrum
455 3583 481 3638 V
500 3599 534 3636 ex
551 3582 667 3651 interpr.
686 3581 808 3652 irrepsit.
887 3588 920 3635 27
941 3585 1036 3638 terram
1077 3582 1110 3637 V.
1137 3584 1141 3655 Ι
1170 3585 1236 3652 poet
1253 3590 1334 3651 atque

314 3655 427 3722 reliqua
445 3670 510 3723 pars
529 3670 624 3708 versus
641 3654 736 3719 vacat,
761 3670 846 3722 quam
865 3653 962 3724 inepte
981 3653 1105 3722 explevit
1126 3655 1184 3709 ed:
1213 3655 1248 3708 de
1271 3654 1333 3708 face

315 3725 427 3795 aliquid
446 3725 554 3781 dictum
572 3724 659 3778 fuisse
676 3725 836 3794 putandum
855 3726 906 3779 eet.
961 3730 995 3779 28
1014 3726 1103 3794 ipsam
1121 3741 1173 3780 cou
1191 3727 1290 3794 parom
1308 3725 1333 3779 V

314 3800 440 3865 firmaret
456 3798 501 3851 llic
519 3795 655 3866 supplevi.
