3250 4350
672 416 856 473 nummos
874 417 900 470 II
1232 419 1292 481 151

275 587 409 647 Teucria
425 587 512 647 luctu.
546 586 723 663 mutuantur
735 589 849 659 portae,
867 576 1011 646 irretire
1028 591 1056 645 et
1067 586 1181 646 Dorica
1197 591 1296 646 eastra

274 678 461 748 desertosque
483 675 581 734 uidere
603 676 679 733 locos
701 675 826 748 itusque
847 676 992 734 relietum:
1023 674 1179 734 moralitas
1206 676 1295 752 plena

273 767 336 824 hoc
360 765 426 824 loeo
447 765 646 838 monstratum
669 763 721 822 ubi
744 754 823 822 enirn
844 762 989 824 creditum
1007 767 1052 824 est
1070 767 1101 823 et
1118 764 1295 824 multimoda

275 853 450 928 suspicione
472 852 624 911 firmatum
646 852 718 912 belli
741 853 856 913 rabiem
878 852 1014 913 abscessu
1032 852 1127 912 hostis
1145 853 1294 912 esse'sub-

243 945 409 1016 amotam,
436 942 553 1001 solutus
581 943 627 1000 est
653 942 736 1018 longi
758 942 901 1018 temporis
923 942 1023 1001 luctus
1046 944 1077 1000 et
1098 943 1295 1001 reseravimus

275 1033 394 1108 portas,
417 1032 483 1090 ausi
506 1031 579 1106 quin
602 1030 694 1090 etiam
717 1049 820 1091 sumus
842 1030 1000 1107 procedere
1023 1030 1227 1106 aliquantum,
1249 1051 1295 1090 re-

274 1122 377 1180 visere
399 1121 465 1179 loca
488 1139 564 1195 quae
587 1119 681 1180 hostis
704 1119 861 1180 obsederat
883 1123 914 1179 et
936 1119 1074 1195 deinceps
1096 1119 1228 1195 liquerat
1246 1119 1295 1178 de·

276 1213 436 1284 sartosque
462 1208 563 1268 ridere
590 1209 685 1283 locos,
712 1217 823 1268 vacuos
850 1209 888 1267 ab
915 1209 1050 1268 hostibus
1078 1228 1152 1285 quos
1184 1202 1297 1267 dudum

276 1299 400 1357 animus
432 1296 568 1374 oppletos
600 1297 769 1358 horrebat
789 1316 866 1371 years
892 1303 988 1372 stupet
1013 1299 1155 1372 innuptae
1187 1299 1294 1357 aeuum
1315 1304 1347 1351 31

229 1410 259 1448 ro
276 1387 398 1446 exitiale
418 1387 574 1446 Mineruae
597 1390 624 1446 et
644 1387 747 1446 uectem
769 1388 917 1446 miraretur
935 1389 1014 1460 equi:
1036 1386 1224 1446 mirabantur
1241 1387 1296 1445 ali·

276 1478 333 1552 qui
352 1479 383 1533 et
401 1474 599 1534 subtilitatem
618 1476 691 1536 artis
706 1479 736 1534 et
749 1475 880 1535 fabricae
894 1475 1140 1554 magnitudinem.
1164 1478 1296 1550 primus-

275 1582 335 1638 que
367 1564 535 1637 Tbyueoetes
561 1565 631 1623 duci
656 1567 736 1623 iutra
762 1583 864 1624 muros
888 1566 1022 1625 hortatu
1049 1570 1076 1624 et
1101 1583 1169 1625 aree
1196 1566 1297 1633 lacau,

273 1657 342 1712 siae
375 1654 440 1712 dole
470 1670 523 1712 seu
548 1655 610 1712 iare
638 1654 745 1712 Troiae
771 1655 813 1712 sie
839 1656 905 1727 fata
931 1655 1075 1728 ferebaat:
1110 1653 1198 1713 huius
1227 1659 1297 1730 post

275 1743 395 1801 exitum
416 1761 516 1801 rerum
539 1743 687 1801 sententia
709 1743 793 1802 venit
814 1744 847 1801 in
865 1742 993 1801 dubium
1016 1746 1055 1817 et,
1077 1743 1148 1819 quia
1167 1743 1243 1802 nihil
1261 1763 1296 1800 ex

228 1853 260 1894 rs
275 1833 388 1908 aperto
408 1830 603 1906 ‘comtiterat
629 1833 743 1907 partim
769 1831 931 1907 proditoris
955 1832 1054 1890 animo
1077 1833 1190 1907 partim
1212 1834 1296 1891 inno-

272 1923 383 1980 center
411 1921 535 1979 sensisse
563 1920 712 1979 iudicatus
740 1923 799 1994 est,
826 1919 894 1980 ideo
917 1919 1064 1996 proditor,
1088 1921 1159 1996 quia
1181 1923 1296 1995 primus

275 2013 395 2070 ceteros
418 2001 555 2068 hortatus
578 2012 624 2067 est
646 2013 681 2068 ut
703 2029 797 2086 equus
820 2009 1032 2085 perduceretur
1057 2028 1151 2085 usque
1179 2010 1219 2067 ad
1240 2009 1295 2066 Mi-

274 2117 390 2158 nervae
413 2097 567 2175 templum,
590 2097 656 2156 ideo
679 2099 834 2174 innocens,
857 2098 929 2175 quia
951 2097 1063 2157 maiore
1079 2089 1117 2156 ¹vi
1140 2096 1297 2157 constabat

275 2187 420 2247 interisse
451 2188 609 2263 imperium
637 2188 751 2247 Troiae.
799 2193 831 2247 at
859 2188 956 2261 Capys
988 2192 1015 2247 et
1045 2206 1169 2261 quaem
1195 2187 1297 2247 metior
1316 2194 1349 2241 35

228 2296 261 2339 ao
275 2278 424 2337 seuteruie
454 2278 544 2335 ruenti
576 2282 628 2336 aut
652 2279 759 2351 priapo
786 2278 930 2336 Danaum
956 2278 1083 2335 iusidias
1109 2281 1298 2350 suspectaque

276 2368 360 2426 dora
387 2368 586 2440 praecipitare
616 2366 716 2425 iubeat
746 2366 935 2439 subiectisque
965 2384 1050 2425 urere
1081 2354 1230 2437 (lammis‘
1245 2372 1298 2425 aut

276 2456 427 2515 terebrare
449 2472 538 2514 cavas
564 2457 640 2513 uteri
667 2460 693 2513 et
718 2459 858 2528 temptare
880 2456 1022 2513 latebras:
1059 2453 1167 2530 Capys,
1189 2455 1297 2529 inquit,

279 2550 309 2603 et
329 2544 384 2603 alii
403 2542 510 2603 melius
527 2544 701 2617 sentientes3
720 2544 771 2603 sed
790 2562 850 2601 non
868 2548 940 2602 tuno
957 2543 1084 2602 iudicati
1102 2546 1172 2601 sunt
1190 2543 1296 2601 melius

279 2633 417 2706 sensisse,
432 2632 484 2691 sed
497 2635 567 2709 post
580 2631 727 2690 excidium
737 2632 853 2691 Troiae.
877 2635 981 2691 eontra
991 2631 1101 2707 Capyis
1116 2633 1297 2690 sententiam

237 2740 267 2781 as
280 2725 446 2781 tractantes
469 2722 531 2780 alia
553 2720 692 2779 dicebant
714 2721 860 2795 facienda,
882 2720 950 2779 ideo
973 2721 1017 2779 ait
1039 2721 1183 2780 seiaditur
1204 2724 1296 2779 iacer-

283 2816 343 2869 tuue
356 2811 456 2870 studia
469 2813 502 2869 iu
515 2811 664 2869 aarum
676 2810 789 2884 euipua
823 2829 891 2868 oum
907 2811 1006 2869 totum
1025 2809 1104 2867 enim
1122 2809 1297 2885 suspicioni-

284 2898 337 2958 bus
361 2904 507 2977 ageretur,
525 2898 602 2957 nihil
623 2900 725 2974 potuit
741 2902 822 2958 recte
840 2898 961 2957 firmari.
998 2898 1071 2974 quid
1089 2918 1160 2977 ergo
1179 2899 1297 2958 dicebat

218 3013 221 3070 ς
289 3006 352 3060 pars
371 3007 448 3064 quae
467 2992 572 3047 eontm
590 2987 764 3064 Thymoetis
783 2987 942 3047 arbitrium
961 2986 1116 3047 senserat?
1150 2988 1228 3047 dona
1245 2990 1297 3046 ho-

293 3075 374 3135 stium
400 3076 506 3136 debere
534 3096 598 3136 esse
626 3080 772 3152 suspecta,
799 3076 923 3153 proinde
951 3076 1097 3135 tradenda
1118 3078 1297 3153 praecipitia

218 3206 224 3242 :
268 3168 340 3221 aaut
360 3166 559 3225 consumenda
581 3163 719 3225 incendio
742 3170 795 3224 aut
817 3164 994 3224 terebrando
1016 3166 1200 3240 temptanda.

359 3373 539 3427 iteravimus
557 3371 583 3424 a
601 3387 670 3424 corr.
689 3388 751 3423 r=
766 3370 795 3424 L.
862 3376 876 3423 7
897 3371 1014 3439 liquerat
1031 3370 1084 3422 La
1102 3371 1199 3424 licebat
1217 3370 1260 3423 ed.

305 3436 317 3483 8
344 3457 371 3494 ue
384 3444 491 3497 omed.
508 3446 513 3512 Ι
529 3444 600 3497 locos
613 3442 665 3495 LR
679 3443 696 3496 t.
710 3443 760 3495 boe
773 3448 811 3495 est
830 3442 873 3496 ed.
931 3448 962 3495 16
980 3444 1081 3496 sortire
1099 3442 1141 3495 ed.
1198 3446 1232 3493 23
1250 3440 1298 3494 sed

306 3454 344 3559 leh
359 3516 403 3580 qai
419 3532 441 3567 r.
458 3516 463 3585 t
478 3514 634 3568 iudicantes
651 3512 677 3565 a
695 3514 813 3567 iudicati
830 3520 896 3566 suut
913 3530 928 3564 r
942 3538 976 3557 =
990 3513 1020 3565 L.
1081 3518 1114 3564 24
1136 3513 1226 3581 Capys
1244 3511 1297 3564 th

308 3571 399 3637 (heum
416 3587 523 3655 puncto
542 3585 594 3638 sub
612 3587 641 3654 p)
660 3584 702 3637 ed.
725 3585 823 3655 Cappa
842 3582 884 3638 ed.
904 3586 977 3651 post.
998 3584 1101 3653 Capyis
1118 3599 1177 3637 nos.
1203 3587 1207 3651 Ι
1237 3599 1296 3636 seu-

218 3675 233 3706 e
309 3647 396 3721 mium
418 3672 473 3710 om.
493 3656 559 3710 edF.
657 3660 690 3708 29
706 3656 856 3739 praecipiti
873 3655 903 3707 id
922 3654 943 3706 L
959 3656 1127 3723 praecipitia
1145 3655 1175 3707 ia
1193 3653 1219 3705 R
1236 3654 1297 3721 (sed

310 3714 331 3767 u

310 3722 490 3839 ethenheim&
515 3728 680 3795 praecipitio
703 3744 717 3778 r
744 3743 775 3780 aa
798 3743 930 3794 praecepa
956 3726 1039 3779 iidem
1063 3725 1105 3780 ed.
1133 3726 1216 3778 iidem
1242 3724 1295 3777 del.
1342 3835 1344 3838 Ι
