3250 4350
346 422 414 489 174
626 422 767 479 DONATI
783 423 953 478 musam
971 415 1079 478 VERG.

346 611 437 652 armav
453 592 583 668 deosque
604 597 715 668 parant
735 594 860 652 comites
878 593 1045 670 pelagoque
1062 609 1200 651 remenso
1217 590 1360 668 inprovisi

346 681 485 755 aderunt,
511 683 558 740 ita
583 681 695 759 digerit
716 680 976 742 ominadalchas.
1021 681 1098 740 dixit
1121 680 1203 756 quod
1225 680 1361 740 Troianis

346 774 424 830 esset
436 771 628 845 contrarium,
642 771 757 830 scilicet
769 770 917 830 redituros
930 767 1067 844 Graecos,
1080 774 1116 829 ut
1129 773 1229 828 cetera
1243 769 1359 829 facilius

346 859 507 918 crederent.
550 860 706 938 religionis
739 878 810 944 ergo
843 858 1008 934 placandae
1039 876 1130 918 causa
1158 859 1276 917 factum
1302 876 1361 918 essa

346 948 466 1021 adserit,
472 950 508 1007 ut
516 950 708 1024 expiarentur
722 967 798 1023 quae
811 952 1030 1008 memoraverat
1043 967 1097 1024 per
1112 947 1210 1006 scelus
1224 947 1359 1007 admissa
1379 963 1389 1004 s

346 1038 469 1113 exponit
495 1036 688 1114 dehincque
714 1037 826 1096 molem
856 1036 935 1096 hanc
964 1037 1095 1096 inmanis
1125 1038 1196 1113 equi
1223 1040 1360 1110 statuere,

345 1127 402 1186 hoc
429 1129 475 1184 est
501 1143 554 1184 cur
579 1129 685 1186 tantae
711 1125 938 1203 magnitudinis.
983 1125 1078 1200 idem,
1099 1127 1214 1202 inquit,
1238 1123 1359 1184 Galchss

345 1215 436 1274 iussit
453 1215 596 1292 grandem
609 1215 719 1274 molem
731 1213 806 1290 fieri,
820 1233 858 1273 ne
871 1217 975 1291 portas
988 1217 1105 1274 vestr-m
1119 1217 1222 1291 posset
1235 1216 1358 1288 intrare3

345 1305 402 1364 hoo
424 1306 505 1363 enim
526 1308 615 1380 pacto
638 1303 797 1363 adserebat
817 1303 953 1364 favorem
975 1302 1049 1363 deae
1072 1304 1111 1363 ad
1127 1305 1264 1362 vestrum
1281 1304 1358 1362 auri-

345 1394 422 1452 lium
444 1410 507 1452 esse
525 1392 699 1452 rediturum.
734 1410 807 1452 nam
829 1394 856 1451 si
877 1396 975 1451 oestro
995 1410 1104 1452 manas
1126 1391 1265 1452 aidassd
1285 1393 1386 1451 donas

294 1483 520 1550 190Me‘acrooe,
544 1487 607 1540 tam
628 1499 769 1555 mwaam
791 1483 912 1540 millam
938 1481 1031 1556 (qaod
1053 1481 1096 1540 aa
1115 1483 1204 1554 priua
1225 1498 1310 1540 omes
1329 1483 1359 1539 is

346 1574 444 1645 ipsam
470 1570 650 1644 caussas)
677 1570 793 1629 Petam
819 1572 942 1644 imperto
968 1571 1189 1645 Ptsyps'taspae
1213 1571 1359 1642 pictarum:

347 1662 373 1719 si
394 1659 558 1718 laesissetis
580 1678 690 1734 equum
711 1660 812 1735 ipsum
835 1661 891 1735 qui·
909 1661 943 1718 in
964 1659 1107 1719 honorem
1128 1660 1210 1718 tanti
1231 1659 1358 1717 numinis

346 1750 445 1807 factus
468 1750 523 1822 est,
540 1748 726 1808 multiforme
749 1750 875 1808 exitium
897 1748 1021 1809 conflari
1037 1766 1125 1825 posse
1144 1748 1293 1824 Troianis,
1311 1746 1358 1807 sed

346 1838 403 1896 hoc
425 1855 462 1896 ne
484 1837 618 1897 velutin
635 1836 828 1897 maledictum
846 1836 1003 1913 proficeret
1021 1836 1229 1911 Troianorum,
1247 1836 1384 1896 addidits

348 1924 428 2001 quod
450 1924 495 1983 dii
516 1927 600 2001 prius
623 1944 711 1984 omen
733 1926 766 1984 in
783 1928 884 2002 ipsum
903 1928 1085 1986 convadant.
1122 1928 1156 1983 in
1174 1926 1356 1985 conclusione

347 2017 392 2073 ait
413 2017 461 2073 sla
482 2015 619 2073 marsitas
641 2018 745 2074 cestris
767 2020 896 2074 cestram
914 2015 1089 2074 ascendisset
1105 2017 1139 2073 ia
1155 2016 1267 2083 ardeia,
1285 2016 1375 2073 altro

346 2103 453 2162 Asiam
470 2101 593 2179 [mapsa
606 2104 732 2179 Pelopea
750 2105 791 2162 ad
807 2107 923 2163 oweaia
942 2105 1013 2162 bello
1031 2108 1187 2162 oeatmasa
1205 2109 1233 2162 at
1249 2108 1356 2162 austros

347 2212 381 2252 ea
404 2195 469 2267 sata
486 2192 769 2269 maaarcflaepolesJ:
793 2196 867 2252 satis
885 2193 947 2252 illis
965 2194 1166 2270 profuturum,
1185 2195 1211 2252 si
1229 2195 1354 2270 ipsoram

346 2282 483 2341 manibus
515 2284 547 2340 in
574 2283 706 2357 patriam
733 2283 903 2357 duceretur,
930 2300 1024 2360 usque
1052 2283 1126 2341 adeo
1153 2287 1188 2341 ut
1216 2277 1393 2341 troianas*

346 2371 480 2429 firmaret
507 2372 544 2429 ad
573 2371 787 2429 excindendam
815 2369 975 2430 Graiorum
1001 2373 1159 2446 imperium
1187 2372 1269 2429 ultro
1298 2389 1353 2430 esse

346 2464 487 2519 venturos
502 2463 533 2517 et
545 2461 578 2517 in
595 2479 696 2519 eorum
714 2464 838 2535 nepotes
857 2479 944 2519 omne
962 2462 1085 2518 exitium
1105 2479 1168 2519 esse
1186 2460 1351 2519 rediturum.

295 2556 344 2603 195
415 2550 539 2607 Talibus
569 2550 688 2607 lasa‘dlls
713 2552 886 2623 periurique
920 2554 983 2607 arta
1013 2548 1133 2608 &aenis
1169 2551 1280 2609 credita
1312 2564 1352 2606 res

347 2641 478 2711 saptc'qac
501 2638 576 2696 dolis
593 2639 779 2711 lacrimisque
797 2641 916 2696 coactis:
939 2640 1010 2712 quia
1027 2641 1146 2713 poterat
1165 2638 1226 2697 dici
1243 2639 1350 2697 Aeneae

347 2746 398 2784 cur
420 2731 484 2784 tam
507 2727 623 2802 faciles,
653 2746 705 2785 cur
727 2731 791 2785 tam
815 2727 936 2801 creduli,
960 2746 1013 2785 our
1033 2728 1065 2783 in
1088 2729 1196 2785 uestris
1219 2707 1393 2803 pessume*

346 2818 444 2873 minus
473 2815 631 2893 diligentes
659 2820 690 2874 et
713 2818 808 2889 cauti,
836 2834 888 2874 our
910 2815 984 2873 belli
1005 2823 1140 2891 tempore
1162 2816 1279 2875 hostem
1299 2818 1349 2873 ists

347 2905 532 2962 adserentem
558 2907 688 2980 putastis
716 2924 787 2964 vere
815 2905 1023 2980 simpliciaque
1047 2902 1177 2963 dixisse?
1200 2907 1246 2963 ait
1268 2902 1348 2963 credi·

347 2994 457 3069 dimne,
481 3011 549 3051 cum
571 2996 685 3053 iuraret
712 2986 824 3075 (amnis
852 2996 932 3052 enim
954 2994 1122 3071 religiosus,
1146 2995 1201 3068 qui
1223 2996 1347 3069 periurus

347 3100 410 3140 esse
427 3100 488 3140 non
506 3086 614 3157 potest,
627 3083 716 3142 facile
735 3083 824 3141 fidem
842 3084 971 3141 iurantis
991 3074 1150 3163 admittit),
1174 3083 1348 3150 credidimus
1391 3167 1393 3180 Ι

417 3240 434 3287 4
456 3234 561 3300 factam
583 3252 611 3289 sc
633 3252 687 3289 esse
705 3234 758 3287 LR
779 3252 807 3289 sc
831 3234 885 3287 del.
906 3233 949 3289 ed.
1059 3239 1092 3286 13
1116 3234 1238 3289 laesisset
1258 3234 1298 3289 ed.

347 3311 380 3358 14
402 3306 533 3360 Troianis
550 3306 602 3359 Lit
622 3306 669 3359 Tr.
685 3308 726 3360 aa'l
743 3306 786 3360 ed.
852 3310 883 3359 ll
902 3308 1035 3359 sia-22
1053 3305 1208 3359 redituram
1226 3307 1257 3359 in
1273 3320 1347 3359 mem·

345 3378 434 3430 brana
453 3376 556 3430 abrasa
574 3376 687 3446 scripsit
704 3374 735 3429 r'.
824 3382 856 3429 17
876 3378 1028 3431 ascendisse
1046 3376 1074 3429 L.
1163 3380 1198 3429 18
1321 3405 1346 3414 -

347 3454 379 3500 19
402 3454 511 3516 nepotes
538 3448 617 3502 deest
639 3448 669 3499 in
692 3446 801 3517 L(R?),
827 3447 876 3500 sed
898 3447 1068 3517 explicatur3
1097 3446 1203 3501 omissa
1216 3394 1312 3502 w
1330 3442 1346 3497 r'

345 3521 474 3587 (tortasse
497 3519 568 3573 haec
590 3522 623 3571 ut
646 3518 790 3587 suppleret
812 3518 900 3572 erasit
923 3536 996 3587 quae
1015 3518 1039 3571 R
1057 3518 1211 3587 scripserat
1234 3520 1268 3574 cf.
1286 3520 1347 3586 203).

400 3595 433 3644 19
451 3592 520 3645 satis
538 3590 560 3643 L
579 3591 622 3645 ed.
642 3590 765 3644 adseruit
782 3592 852 3645 satis
869 3589 901 3658 (r‘
921 3590 961 3659 in)
978 3590 1011 3642 R.
1039 3592 1042 3658 l
1071 3590 1117 3643 illi
1134 3590 1178 3646 ed
1252 3596 1286 3645 22
1302 3604 1349 3643 esse

344 3662 498 3715 redituram
516 3662 537 3714 L
557 3678 611 3716 esse
630 3678 682 3714 om.
703 3659 735 3729 (r'
754 3661 794 3730 in)
813 3661 846 3714 R.
943 3667 976 3713 26
996 3663 1073 3715 caata‘
1089 3661 1143 3714 ΕΒ,
1160 3679 1182 3717 o.
1201 3664 1295 3729 saletas
1310 3659 1348 3714 ed.

400 3738 432 3785 27
440 3733 587 3857 l{rediaaas
605 3732 657 3785 ΕΒ,
675 3731 761 3802 (infra
778 3733 955 3802 credidimus)
974 3749 1042 3786 corr.
1061 3750 1075 3784 r
1093 3732 1136 3785 ed.
1208 3738 1242 3787 28
1259 3735 1350 3803 quippe

343 3821 425 3858 caras
487 3821 555 3859 corr.
573 3821 596 3857 r.
