3250 4350
709 423 892 480 AENEIDOS
912 425 950 478 Vl
1272 425 1337 490 605

305 595 405 652 ducit
432 595 503 654 deus
531 594 569 653 ad
597 593 761 653 Lethaeum
788 595 928 669 fluvium,
951 595 1035 653 cuius
1058 596 1197 654 talis-est
1218 595 1278 668 viS,
1303 598 1338 653 ut

320 685 457 759 quisquis
482 702 517 742 ex
541 702 575 741 eo
598 682 708 742 biberit
730 685 905 742 memoriam
928 685 1090 758 superioris
1109 685 1253 760 temporis
1271 703 1337 759 per-

319 773 382 846 dat,
405 791 458 831 nec
482 772 553 847 quid
576 772 682 830 fecerit
703 791 758 831 nec
782 772 854 848 quid
877 791 982 848 passus
1006 773 1045 831 sit
1072 776 1187 832 teneat.
1201 772 1336 849 perinde·

318 881 378 936 que
405 863 551 920 inmemor
578 861 712 921 redditus
739 861 867 937 incipiat
893 862 970 920 velle
997 881 1129 922 remeare
1153 862 1191 922 ad
1214 881 1336 937 superos

282 970 298 1010 s
318 954 350 1008 et
373 950 454 1009 mala
477 951 616 1026 corporis
632 951 742 1009 iterum
765 950 839 1027 pati.

385 1039 514 1098 Diceret
534 1037 676 1098 Anchises
697 1042 857 1112 ecumque
878 1057 996 1112 unoque
1017 1038 1160 1115 Sibyllam
1182 1045 1337 1098 conventus

316 1129 409 1187 trabit
438 1130 472 1186 tn
502 1128 612 1187 medios
643 1130 815 1202 turbareque
845 1132 996 1188 sarmatan
1028 1134 1054 1188 et
1080 1130 1224 1187 temetum
1251 1129 1336 1202 capit,

315 1216 397 1275 aede
423 1219 518 1276 onmis
546 1217 629 1291 bopo
655 1217 757 1276 ordine
773 1219 870 1292 possit
891 1217 1030 1277 adversos
1051 1219 1142 1292 tepere
1165 1222 1191 1276 et
1212 1220 1389 1277 venien-755

316 1310 382 1374 tecm
404 1306 498 1365 dicere
520 1307 632 1365 codes:
659 1326 726 1365 cum
749 1307 823 1366 haec
845 1307 990 1366 Anchises
1013 1307 1149 1382 dixisset,
1172 1310 1279 1365 natum
1302 1325 1337 1365 ac

270 1417 299 1458 ιο
318 1394 467 1470 Sibyllam
486 1396 524 1453 ad
547 1396 745 1471 plurimorum
763 1399 942 1456 conventum
961 1396 1047 1454 duxit
1065 1399 1164 1472 atque,
1183 1399 1218 1454 ut
1235 1399 1337 1471 posset

316 1484 519 1544 nescientibus
547 1486 681 1563 singulos
709 1485 913 1545 demonstrare
942 1489 972 1544 et
999 1487 1120 1544 nomina
1150 1485 1336 1562 singulorum

317 1573 424 1647 dicere,
439 1575 589 1632 tumulum
608 1577 700 1650 cepit,
719 1577 854 1650 oportuit
872 1575 955 1632 enim·
971 1594 1048 1648 eum,
1062 1578 1096 1633 ut
1113 1575 1336 1634 instructiorem

315 1661 414 1721 filium
441 1663 591 1738 redderet,
619 1668 740 1722 cunctos
768 1682 803 1721 ex
831 1663 935 1722 ordine
962 1683 1127 1723 numerare.
1172 1681 1335 1736 nuncupo,

316 1751 509 1811 Dardaniam
531 1753 646 1826 prolem
673 1769 747 1824 quae
774 1753 879 1811 deiude
905 1757 1044 1824 sequetur
1063 1754 1172 1827 picria,
1201 1755 1251 1825 cer·
1273 1771 1336 1811 ma·

270 1862 297 1904 is
315 1845 408 1899 meet
428 1841 510 1900 Italo
534 1842 569 1899 de
589 1845 672 1914 pecte
694 1845 818 1914 nepotes,
841 1841 976 1899 inlustris
1004 1843 1122 1899 enimes
1149 1846 1337 1914 ecstrmnqee

315 1932 351 1988 ie
381 1946 485 1988 nomen
517 1932 612 1988 iteras
644 1931 796 2002 expediere
828 1929 913 1988 dictis
941 1933 968 1988 et
994 1933 1020 1987 te
1046 1934 1099 1988 tue
1125 1931 1191 2001 fote
1218 1931 1336 1988 docebo:

315 2018 475 2094 proposuit
498 2031 577 2093 quae
598 2019 638 2076 sit
661 2019 802 2078 dicturus.
840 2038 926 2095 nuuc,
945 2020 1054 2094 inquit,
1073 2019 1160 2076 dictis
1180 2019 1336 2092 expediam

316 2107 368 2165 vel
395 2107 446 2183 qui
473 2107 599 2165 admixti
627 2128 662 2166 ex
685 2108 764 2166 Italo
793 2109 937 2187 sanguiue
964 2110 1087 2183 nepotes
1112 2109 1159 2165 tul
1181 2109 1336 2185 regnaturi

317 2198 380 2256 sint
409 2198 458 2254 vel
492 2197 740 2273 quemadmodum
770 2216 820 2257 eos
847 2199 969 2257 virtutis
997 2198 1093 2275 gloria
1121 2200 1259 2255 secutura
1286 2200 1334 2256 sit.

270 2310 299 2350 ro
316 2286 416 2344 dicam
440 2288 532 2345 etiam
555 2287 618 2345 iata
641 2290 704 2361 tua,
727 2290 771 2360 ut,
796 2287 876 2363 quod
898 2287 977 2345 nulli
1000 2290 1069 2345 ante
1092 2289 1122 2345 te
1146 2287 1282 2363 contigit,
1300 2288 1334 2344 tu

315 2375 413 2434 multo
437 2379 506 2434 ante
531 2375 690 2435 condiscas.
737 2378 793 2434 hoc
816 2377 890 2449 loc0,
914 2379 1060 2452 quantum
1089 2376 1126 2435 ad
1150 2376 1277 2451 Vergilii
1304 2381 1334 2434 et

316 2463 453 2523 Caesaris
481 2468 617 2540 tempora
644 2466 788 2539 pertinet,
816 2485 875 2524 non
904 2466 1006 2524 futura
1029 2465 1080 2525 sed
1103 2467 1257 2524 transacta
1280 2486 1333 2522 nu-

315 2557 471 2612 merantur
498 2557 529 2612 et
556 2554 707 2613 subtiliter
734 2554 902 2613 ostenditur
930 2573 1006 2629 quae
1034 2555 1233 2612 Troianorum
1265 2573 1334 2629 pro-

315 2642 418 2720 genies
442 2662 476 2701 ex
499 2643 566 2718 ipso
588 2643 690 2701 Aenea
714 2647 743 2701 et
766 2642 846 2702 Italo
869 2645 1014 2719 sanguine
1037 2644 1176 2701 videatur
1201 2644 1334 2701 extitisse

270 2753 298 2795 m
315 2734 347 2790 et
365 2750 458 2806 usque
478 2731 516 2789 ad
536 2730 693 2791 Gaesarem
714 2729 886 2791 cucurrisse.
930 2733 979 2791 hic
1001 2733 1171 2806 specialiter
1194 2732 1335 2790 dicuntur

315 2838 392 2895 quos
416 2822 597 2897 generaliter
614 2820 646 2878 in
664 2822 761 2896 primo
780 2822 857 2879 libro
876 2823 978 2898 tetigit
996 2821 1132 2897 Iuppiter
1150 2840 1210 2879 non
1232 2840 1334 2880 eorum

315 2927 472 2985 personas,
505 2910 556 2967 sed
586 2909 892 2988 temporafregnandi
922 2910 1100 2987 significans.
1145 2911 1208 2979 ille,
1234 2912 1386 2980 sidereo

308 3014 395 3072 pura
422 3000 537 3057 iuvenis
564 3000 614 3071 qui
640 2994 744 3057 nititur
770 3000 856 3058 basta
878 3002 1017 3073 proxime
1049 3004 1123 3058 sorte
1155 3003 1229 3058 tecet
1259 3000 1333 3058 lucis

315 3088 389 3154 loco,
408 3089 526 3160 primus
550 3090 590 3146 ed
613 3106 706 3147 aceres
729 3089 872 3147 aetherios
894 3089 973 3147 Italo
997 3092 1165 3148 commixtus
1190 3091 1334 3161 scriptino

270 3200 300 3243 no
315 3181 415 3249 serpet
436 3176 555 3245 secem
579 3175 731 3236 Albanum
752 3194 866 3246 comere
889 3182 941 3236 tuo
959 3183 1098 3251 postrema
1118 3180 1226 3251 proles,
1249 3196 1333 3250 quem

316 3264 370 3324 tibi
397 3266 535 3339 lcepeeec
562 3282 661 3324 serum
687 3266 820 3326 Lacinia
847 3268 974 3326 conicere
1001 3269 1099 3327 educet
1125 3268 1208 3325 seteis
1230 3270 1386 3338 repentes

315 3372 474 3428 reperteque
496 3359 662 3428 parentem,
690 3355 768 3414 wude
793 3374 886 3429 pecces
910 3356 1016 3430 Lcnpa
1042 3360 1174 3414 nostrum
1201 3355 1333 3413 domice-

390 3530 561 3593 6eocche
579 3524 611 3576 V.
721 3530 737 3577 8
758 3527 846 3593 possit
863 3526 901 3579 V:
929 3525 959 3579 in
982 3524 1214 3594 interpretatione
1233 3531 1332 3593 posset,

315 3594 386 3663 quia
408 3597 519 3664 tempus
542 3596 620 3649 verbi
647 3612 677 3649 re
698 3596 771 3650 entis
798 3599 940 3650 mutatum
969 3600 1019 3650 est.
1129 3601 1144 3648 9
1168 3596 1256 3650 dicere
1281 3612 1331 3664 pro

315 3666 419 3720 discere
436 3665 531 3720 libror.
547 3666 652 3737 Vergil.
672 3614 698 3720 ὅ
716 3668 893 3722 adsentiente
911 3666 1151 3737 interpretatione.
1239 3673 1273 3719 24
1291 3668 1331 3720 ci-

314 3738 417 3792 deatwr
434 3737 460 3789 V
479 3738 620 3793 iudicatio
638 3739 680 3792 ed.
762 3745 795 3794 28
816 3747 894 3795 ostro
909 3756 963 3810 pro
979 3738 1120 3794 bonai.
1199 3741 1239 3787 ‘rs
1259 3736 1352 3785 aeic-

312 3810 377 3863 riuc
395 3809 423 3860 V.
497 3814 528 3862 31
549 3810 642 3864 edocet
660 3810 690 3865 V.
