3250 4350
649 465 835 521 'AENEIDOS
853 465 893 519 Ill
984 511 988 516 .
1218 466 1284 532 309

267 635 386 711 gereret
413 633 550 693 ubertate
577 636 782 713 lacrimarum,
813 653 887 711 quas
915 636 1033 711 copiose
1064 634 1222 710 fundebat,
1255 639 1286 696 et

268 722 449 783 elamoribus
475 724 613 784 tristibus
637 725 862 784 demonstravit.
907 727 1007 800 potest
1030 727 1060 784 et
1084 726 1126 783 sic
1148 725 1285 803 intellegi

268 815 308 886 et,
331 814 366 870 ut
389 812 526 886 arbitror,
549 813 605 872 hoc
626 815 724 891 magis
748 816 794 872 est
816 832 932 873 verum:
955 831 1015 872 non
1037 813 1129 872 firisse
1151 832 1284 874 necessa-

266 903 347 959 rium
379 901 440 960 alia
473 921 627 977 quaerere,
660 902 801 978 quoniam
832 905 865 960 in
896 903 998 962 dolore
1030 905 1130 978 posita
1157 902 1193 960 de
1221 903 1284 962 solo

240 989 378 1050 emerito
401 989 504 1049 debuit
525 991 623 1066 loqui,
646 1011 734 1066 quem
756 991 886 1067 putabat
908 990 1027 1050 Aeneae
1054 992 1208 1050 sociatum.
1253 993 1284 1049 te

267 1083 297 1138 et
326 1077 424 1138 adfers
451 1080 497 1138 bis
525 1078 665 1140 debemus
693 1082 842 1156 accipere,
871 1082 906 1139 ut
933 1082 973 1140 sit
1000 1098 1108 1140 verane
1135 1083 1165 1138 te
1192 1080 1284 1140 facies

267 1165 389 1226 adfers?
411 1187 499 1228 verus
522 1171 552 1227 te
575 1169 650 1228 mihi
673 1170 795 1228 nuntius
819 1167 938 1228 adfers?
983 1171 1033 1228 vic
1048 1187 1151 1242 pauca
1173 1159 1285 1242 furenti

265 1258 391 1316 subicio:
426 1259 526 1316 insani
553 1257 664 1317 doloris
691 1259 845 1317 muliebris
872 1257 1108 1318 inmoderatione
1136 1258 1174 1316 ab
1202 1260 1284 1318 statu

265 1346 377 1404 mentis
405 1347 540 1406 exclusus
568 1347 633 1421 vix,
660 1347 772 1423 inquit,
800 1348 893 1406 etiam
919 1349 984 1422 ipse
1009 1349 1113 1423 paucis
1134 1347 1285 1422 respondi,

227 1434 317 1495 revel
350 1434 430 1509 quod
461 1453 555 1494 essem
586 1436 725 1496 turbatus
754 1437 804 1496 vel
836 1437 916 1511 quod
948 1438 1055 1495 scirem
1083 1437 1169 1494 illam
1196 1436 1285 1511 plura

266 1523 372 1583 audire
395 1543 455 1583 non
477 1543 573 1600 posse.
609 1531 634 1584 et
655 1528 736 1585 roris
758 1527 893 1585 turbatus
915 1527 1032 1585 oculus
1054 1527 1146 1584 lusco:
1168 1527 1285 1600 pertur-

265 1613 389 1671 batione
411 1615 521 1672 mentis
544 1614 666 1673 hiabam
687 1617 788 1690 potius
812 1634 904 1690 quam
926 1614 1083 1689 loquebar3
1105 1634 1192 1673 rarae
1214 1617 1284 1672 sunt

266 1704 347 1761 enim
371 1719 457 1760 voces
481 1721 548 1761 cum
571 1703 608 1762 ob
633 1703 766 1778 aliquam
790 1722 910 1762 causam
933 1705 1075 1762 continua
1102 1704 1193 1762 verba
1222 1722 1284 1764 esse

265 1810 327 1850 non
354 1794 488 1865 possunt.
533 1794 598 1850 cieo
626 1793 755 1864 equidem
781 1795 928 1865 utrunque
954 1796 1080 1851 extunc
1096 1811 1154 1865 per
1176 1795 1275 1852 crucio
1285 1797 1337 1844 31⁵

230 1897 253 1938 rs
266 1881 356 1938 duco:
384 1879 443 1938 cito
465 1880 620 1955 respondit
642 1881 803 1957 propositis
828 1885 858 1940 et
884 1882 1022 1941 fortunae
1051 1899 1122 1940 suae
1149 1882 1284 1940 miserias

265 1968 444 2028 brevissima
475 1969 678 2030 insinuatione
709 1970 849 2048 signavit.
895 1973 930 2029 ut
962 1972 1063 2029 autem
1095 1969 1285 2028 confirmaret

267 2077 344 2133 quae
369 2057 493 2132 dixerat,
517 2058 639 2118 adiecit:
662 2078 698 2119 uc
721 2060 832 2128 dubita,
855 2078 927 2118 num
948 2076 1019 2118 uero
1041 2061 1130 2118 uides
1172 2058 1285 2118 sciebat

267 2149 347 2207 enim
371 2165 402 2207 se
426 2165 493 2206 cum
516 2167 552 2207 ea
574 2149 659 2225 loqui
677 2167 769 2226 quam
787 2151 936 2208 amentem
953 2149 1065 2208 fecerat
1083 2148 1177 2208 dolor.
1212 2149 1284 2208 heu!

266 2240 333 2311 quis
352 2240 378 2295 te
396 2254 483 2296 cocus
502 2237 639 2298 deiectum
657 2241 777 2314 couiupc
795 2242 874 2297 tacto
894 2239 1016 2312 empti?
1035 2239 1284 2313 cuiquecuique

235 2329 341 2386 usulis
364 2326 486 2398 foetura
502 2328 623 2387 reuisit?
658 2328 766 2403 incipit
783 2327 900 2387 Aeneas
923 2328 1055 2387 vicissim
1078 2327 1229 2401 inquirere
1251 2328 1284 2384 in

267 2434 326 2489 que
354 2414 477 2474 fortuna
498 2414 705 2476 Andromache
730 2419 798 2492 post
822 2418 1031 2491 captivitatem
1053 2417 1217 2475 constituta
1240 2418 1284 2474 vi-

266 2504 401 2577 deretur,
429 2504 510 2578 quod
535 2504 635 2580 ipsum
662 2525 722 2565 non
749 2506 812 2564 sine
841 2506 942 2565 dolore
973 2505 1110 2563 faciebat.
1156 2505 1284 2579 denique

264 2612 326 2652 non
350 2610 370 2651 a
392 2592 490 2651 verbis
509 2595 616 2669 coepit,
639 2594 691 2654 sed
714 2614 732 2653 a
750 2595 873 2671 gemitu,
892 2597 996 2670 utpote
1016 2593 1069 2669 qui
1087 2612 1147 2650 non
1164 2595 1284 2651 tantum

265 2684 330 2742 eius
359 2699 430 2741 casu
457 2700 562 2741 verum
589 2682 680 2741 etiam
702 2683 840 2742 Hectoris
867 2683 1073 2742 recordatione
1099 2681 1284 2741 movebatur.

229 2771 342 2830 taedeo
375 2770 431 2828 hoc
463 2772 622 2846 conplexus
655 2775 699 2831 est
733 2773 763 2831 et
795 2772 872 2831 dixit
898 2773 958 2830 heu
985 2774 1016 2830 et
1042 2774 1202 2846 postquam
1230 2770 1284 2830 illo

263 2859 397 2938 gemitus
420 2861 506 2937 signo
530 2860 663 2919 dolorem
685 2862 733 2919 sui
755 2862 849 2919 animi
873 2860 1103 2933 demonstravit,
1131 2861 1211 2936 quis,
1239 2859 1284 2917 in·

263 2950 347 3026 quit,
375 2950 406 3008 te
434 2967 519 3009 casus
548 2950 693 3009 deiectam
717 2949 843 3027 coniuge
866 2953 952 3008 tanto
977 2946 1107 3026 exeipit?
1130 2951 1183 3007 ant
1207 2967 1283 3023 quae

262 3038 360 3115 digna
387 3040 462 3097 satis
490 3039 612 3098 fortuna
637 3036 762 3099 revisit?
808 3041 874 3113 quis
902 3042 933 3098 te
961 3057 1045 3099 casus
1072 3057 1150 3097 nunc
1172 3035 1283 3097 habet?

262 3127 313 3187 vel
347 3127 446 3202 qualis
479 3129 525 3185 est
555 3129 677 3187 fortuna
708 3131 762 3186 tua
793 3128 945 3203 praesenti
979 3132 1126 3203 tempore,
1165 3126 1282 3203 quando

218 3218 246 3268 ³0
261 3218 384 3276 constat
412 3216 571 3275 amissione
593 3217 673 3277 tanti
693 3218 832 3293 coniugis
855 3221 885 3276 te
909 3236 971 3276 esse
995 3214 1162 3276 deiectam?
1207 3234 1283 3291 quae

261 3308 369 3364 autem
401 3306 442 3363 sit
472 3306 540 3379 ipsa
571 3305 710 3381 deiectio,
747 3325 782 3364 ex
819 3307 1066 3381 consequentibus
1101 3307 1283 3365 invenimus:

338 3498 352 3544 1
368 3498 483 3561 pomerei
495 3492 548 3545 LR
562 3493 605 3547 ed.
620 3499 722 3563 queret
734 3508 785 3546 nos
800 3492 902 3546 clm.
968 3499 982 3546 7
998 3492 1151 3560 adscrtLIt
1161 3508 1258 3544 corrr.
1277 3488 1281 3559 l

260 3564 366 3631 serenti
383 3562 409 3615 R
428 3579 497 3619 corr.
510 3582 532 3617 r.
609 3570 625 3617 8
644 3564 784 3618 muliebris
801 3563 855 3616 LR
874 3564 918 3618 cd.
932 3565 988 3619 -bri
1005 3582 1020 3617 r
1037 3563 1156 3617 fortasse
1174 3564 1258 3615 recte.
1277 3564 1280 3632 l

261 3636 297 3690 ab
317 3633 373 3687 LR
391 3651 410 3687 a
428 3634 471 3688 ed.
564 3642 595 3689 11
615 3638 690 3689 rores
706 3636 817 3689 uocibus
834 3636 907 3690 hisco
925 3635 978 3688 LR
1001 3642 1026 3689 et
1044 3651 1077 3688 ac
1095 3634 1222 3690 turbatus
1240 3633 1283 3685 in-

261 3705 354 3760 seruit
373 3705 416 3759 ed.
491 3711 523 3758 17
544 3708 645 3761 edicat
662 3705 714 3759 LR
732 3708 801 3761 dicit
819 3706 862 3761 ed.
941 3712 975 3761 24
993 3708 1102 3761 cubum
1120 3704 1173 3757 th
1190 3720 1285 3759 oerum

261 3777 341 3832 red.
373 3778 377 3846 Ι
410 3778 624 3832 recordationem
642 3779 820 3832 mouebantur
836 3777 868 3833 L.
955 3784 989 3831 25
1007 3777 1072 3832 obeo
1090 3776 1116 3829 a
1138 3777 1207 3831 adeo
1223 3792 1246 3830 r.

262 3855 297 3903 26
318 3848 544 3903 &macerit
562 3848 615 3902 LR
631 3855 689 3905 -rut
706 3867 721 3903 r
739 3850 792 3905 -uit
809 3848 854 3904 ed.
