3250 4350
362 388 427 452 160
640 387 1094 468 coenomanensem.

361 561 482 633 auctore
494 557 636 633 'futurum
655 575 718 615 esse
736 556 880 629 iudicium
897 576 1003 632 meque
1021 559 1121 632 ipsum
1139 560 1183 616 sic
1200 557 1371 616 adfuturum

361 652 481 723 causae,
512 649 548 703 ut
579 644 702 721 admissi
733 645 852 721 sceleris
880 646 956 704 ultio
983 646 1164 721 proveniret
1210 646 1264 705 sed
1291 666 1371 706 omne

360 733 437 793 illud
455 734 543 809 'quod
563 734 690 809 ‚meanto
718 734 821 793 dolore
851 733 1027 793 diffuderam
1058 733 1230 794 insidiantis
1262 735 1372 794 inimici

360 823 607 901 tergiversatione
634 827 831 899 praeventum
858 826 917 897 est,
944 824 1013 883 odio
1040 823 1155 883 scilicet
1176 827 1209 882 in
1232 845 1282 883 me
1305 821 1372 883 meis

361 911 595 988 professionibus
613 914 763 971 concitato
786 931 882 988 neque
905 915 970 988 ipso
993 912 1062 986 levi,
1080 912 1132 970 sed
1154 913 1282 972 exitium
1305 914 1399 971 mihis

361 1001 468 1079 salutis
496 1000 674 1077 adquirenti.
721 1001 794 1076 quid
822 1001 901 1059 enim
932 1003 1065 1078 cogitare
1097 1006 1198 1078 posset
1229 1003 1385 1074 inimicus,

361 1090 412 1165 qui
440 1098 482 1148 se‘
498 1089 639 1165 sperabat
665 1087 731 1149 non¹
752 1109 816 1149 esse
839 1091 1002 1164 victurum,
1029 1091 1055 1149 si
1078 1110 1132 1169 ego
1155 1093 1325 1170 incolumis·
1339 1090 1370 1148 ad

360 1181 492 1254 patriam
518 1176 716 1238 remeassem?
765 1181 833 1237 lriuc
859 1180 931 1236 meti
953 1183 1057 1252 priona
1083 1181 1156 1237 moli
1174 1181 1278 1257 ¹lobes,
1311 1181 1370 1238 otu

360 1286 471 1341 seumer
500 1268 600 1327 Ulixes
622 1269 791 1326 oruntutous
814 1273 921 1326 terrere
942 1269 1119 1346 novistine
1137 1286 1279 1343 sporpere
1296 1287 1370 1327 uoces

362 1360 393 1415 tu
415 1357 536 1430 culeum
557 1358 712 1430 ombipuus
735 1361 761 1415 et
782 1374 921 1430 quaerere
943 1360 1075 1415 conscius
1101 1376 1202 1416 orum:
1233 1357 1370 1430 notabilis
1381 1374 1396 1413 u

360 1450 488 1521 persona
506 1449 552 1504 est
570 1445 633 1504 eius
652 1447 705 1521 qui
723 1448 765 1504 sie
783 1447 880 1503 vitam
898 1465 983 1504 suam
1001 1445 1100 1520 ducat,
1117 1448 1152 1504 ut
1171 1446 1228 1505 sibi
1248 1448 1370 1506 concitet

358 1534 505 1593 inimicos.
550 1534 606 1593 hoc
634 1553 704 1612 ergo
733 1534 825 1592 Sinon
852 1535 932 1593 inter
957 1536 1054 1593 multa
1081 1535 1158 1594 falsa
1186 1535 1317 1594 adstruit
1345 1541 1370 1592 et

361 1626 486 1701 purgat,
517 1626 552 1681 ut
583 1624 676 1682 diem:
713 1642 767 1700 ego
800 1622 920 1700 quidem
956 1623 1035 1682 iusto
1073 1623 1174 1683 dolore
1211 1619 1369 1706 commotus
1408 1690 1409 1696 ἵ

361 1712 534 1788 inimicitias
557 1713 706 1786 professus
729 1731 794 1770 sum
818 1731 871 1770 uec
894 1715 1056 1788 provocavi
1079 1713 1221 1787 alterum,
1250 1713 1303 1772 sed
1324 1713 1368 1770 ille

362 1821 417 1875 me,
440 1800 511 1858 dum
534 1803 566 1859 in
590 1803 718 1859 amicum
741 1821 839 1859 meum
862 1802 957 1860 scelus
981 1802 1166 1874 admitteret,
1193 1802 1395 1881 provocavitu

361 1890 414 1948 ille
441 1891 567 1949 iniustas
595 1890 752 1949 adversum
779 1909 826 1948 me
854 1891 1028 1949 inimicitias
1051 1892 1195 1966 suscepit,
1223 1894 1259 1949 ut
1282 1893 1369 1951 occiso

360 1980 483 2037 innoxio
506 1998 553 2037 me
577 1998 694 2055 quoque
719 1981 772 2054 qui
794 1980 899 2037 mortis
923 1978 986 2037 eius
1009 1979 1117 2038 vindex
1138 1998 1201 2039 esse
1220 1986 1369 2057 potueram

360 2072 482 2141 putaret
505 2069 740 2142 opprimendum.
788 2086 854 2124 cum
877 2070 972 2145 igitur
994 2088 1041 2126 me
1064 2063 1194 2127 ultorem
1221 2072 1368 2143 metueret,

363 2155 523 2234 spargebat
549 2159 580 2215 in
608 2157 732 2235 vulgum
761 2177 872 2215 novum
900 2156 935 2216 de
963 2178 1009 2216 me
1038 2159 1195 2232 criminum
1226 2178 1318 2237 genus
1345 2161 1369 2214 et

364 2247 464 2303 omnia
486 2247 618 2304 iactabat
642 2246 795 2323 ambigua,
820 2246 890 2321 quia
914 2266 985 2304 vera
1009 2266 1085 2321 quae
1108 2248 1303 2320 diceretnon
1324 2248 1393 2303 hau

363 2334 465 2409 bebat,
494 2335 657 2410 quaerebat
684 2336 877 2393 consiliorum
904 2336 966 2393 tela
994 2336 1101 2410 quibus
1131 2356 1178 2393 me
1206 2338 1367 2395 confoderet

311 2429 362 2476 100
372 2426 598 2499 occasionesque
631 2424 778 2499 captabat.
825 2443 876 2481 uec
903 2426 1042 2497 requievit
1069 2427 1157 2484 euim.
1191 2427 1281 2504 donec
1310 2424 1366 2482 Coi-

363 2514 463 2571 cbuute
485 2515 633 2570 ueiutstro:
661 2517 799 2588 coeperat
822 2515 931 2571 referre
955 2515 1118 2588 sequentia,
1141 2515 1193 2572 sed
1216 2514 1289 2573 haec
1311 2518 1365 2571 arte

363 2604 439 2659 mira
475 2602 600 2660 fallendi
636 2603 814 2676 suppressit,
850 2604 884 2659 ut
917 2602 1061 2660 Troianos
1098 2605 1195 2680 magis
1232 2603 1365 2663 desiderio

364 2691 502 2748 audiendi
522 2692 694 2749 accenderet
713 2694 742 2749 et
760 2692 817 2749 hac
835 2693 950 2749 ratione
970 2690 1028 2748 sibi
1046 2687 1235 2766 conquireret
1249 2682 1388 2760 veniamus

363 2780 471 2837 idcirco
501 2782 544 2837 ait
570 2780 621 2837 sed
648 2782 718 2853 quid
746 2786 795 2853 epo
821 2782 891 2838 leuce
919 2785 1015 2838 autem
1041 2782 1233 2852 nequicquam
1260 2783 1367 2854 tuprote

363 2861 496 2925 reuolue?
533 2871 637 2941 quiriae
659 2887 765 2936 morer,
789 2871 816 2926 sa'
838 2871 932 2926 curuis
955 2886 1013 2926 uuo
1037 2869 1137 2927 ordine
1160 2871 1272 2929 laudetis
1288 2869 1362 2942 Artu-

364 2975 413 3014 oos
436 2958 522 3029 utque
545 2959 648 3015 audire
670 2962 717 3015 sot
740 2960 799 3015 est?
836 2960 897 3015 ioue
920 2958 1032 3015 dudum
1054 2961 1158 3016 sumite
1176 2976 1302 3032 poeseos:
1322 2958 1362 3013 bu

363 3047 483 3103 Ithacus
506 3046 574 3103 ociet
597 3051 623 3103 et
644 3064 749 3120 eoaque
773 3051 935 3104 mercentur
956 3045 1089 3105 Atridae.
1136 3047 1190 3104 ubi
1214 3048 1252 3107 ad
1278 3048 1360 3122 ipsun

364 3135 513 3192 cardinem
542 3136 624 3192 venit
651 3135 682 3192 in
711 3155 768 3211 quo
796 3135 1020 3193 mendaciorum
1044 3137 1226 3195 consistebat
1249 3137 1385 3199 effectum⁰

363 3226 486 3301 negavit
517 3243 547 3281 se
581 3225 742 3296 dicturum,
779 3245 815 3281 ne
852 3225 931 3282 ultro
969 3226 1069 3283 omnia
1106 3226 1259 3284 referendo
1289 3224 1359 3280 daret

436 3420 449 3465 1
470 3419 607 3465 auctorem
625 3411 685 3478 Lit,
705 3412 754 3465 sed
773 3423 802 3464 ue·
819 3412 848 3463 in
867 3412 892 3462 R
911 3413 1019 3465 abrasa.
1042 3414 1045 3480 Ι
1071 3414 1208 3467 iudicium
1225 3411 1275 3464 LR
1291 3408 1356 3462 ultie-

363 3485 408 3535 ue's
427 3483 468 3537 ed.
487 3486 490 3553 y
507 3500 598 3551 tueque
616 3482 668 3534 LR
686 3500 770 3551 ueque
790 3481 832 3536 ed.
920 3485 1065 3537 3e'ucuute
1083 3484 1125 3536 ed.
1209 3482 1358 3537 acerrume

364 3555 414 3605 Lu
433 3556 577 3608 constituto
596 3554 639 3607 ed.
727 3560 740 3605 7
760 3556 895 3607 uicturum
914 3554 966 3606 LR
984 3556 1111 3609 uictorem
1128 3572 1177 3609 uec
1195 3556 1307 3608 inultum
1324 3547 1357 3602 ed·

419 3631 450 3678 11
471 3626 555 3678 ducat
569 3625 620 3677 LR
638 3626 711 3695 deptt
729 3626 772 3679 ed.
790 3631 793 3692 Ι
811 3627 925 3680 couce'tet
938 3625 990 3677 LR
1007 3627 1146 3680 omatiewat
1163 3626 1206 3681 ed.
1263 3630 1292 3677 12
1308 3632 1357 3689 erpo

365 3696 513 3750 LRttur.
589 3701 621 3748 16
641 3698 687 3750 ille
705 3696 757 3748 LR
775 3697 806 3749 td
825 3705 863 3751 est
881 3698 926 3750 uu
945 3697 988 3749 ed.
1063 3702 1095 3748 17
1114 3698 1216 3751 oiudeoe
1234 3693 1357 3749 alt-olor

364 3767 406 3818 ed.
463 3774 496 3819 25
515 3769 654 3835 conquiret
673 3767 698 3820 R
717 3784 785 3820 corr.
805 3768 911 3820 r=L.
968 3773 1001 3819 Ἦ
1021 3785 1121 3822 ricemer
1139 3786 1189 3837 pro
1208 3783 1295 3823 ereoror
1310 3760 1356 3817 bb·
