3250 4350
344 403 411 470 248
627 399 1083 457 noueumrmeavnno.

347 573 631 647 uenenariorum
648 569 1371 645 ammaumceeoermm

346 666 409 722 tom
435 663 583 722 renuatis:
612 662 646 719 in
666 659 725 719 tali
747 677 839 721 musa
862 658 936 736 quid
957 658 1128 719 faciendum
1150 661 1194 721 sit
1214 659 1371 741 Ver-gilius

345 750 446 811 docet:
474 768 544 826 pare
566 749 659 809 tertia
679 749 822 824 perimat
844 751 1003 809 evaserant
1027 748 1117 809 duae:
1148 750 1372 827 numquidnam

344 841 379 899 in
403 839 503 899 medio
529 840 653 912 itinere,
679 839 713 896 iu
738 837 874 914 periculo
902 837 1049 912 evidenti,
1074 839 1108 897 in
1129 837 1284 915 umbris,
1311 839 1372 901 aine

346 947 402 1006 ope
434 929 613 1004 cuiusquam
643 930 762 1004 patrem
798 945 902 988 sonem
937 945 973 986 ec
1009 926 1137 987 debilem
1173 930 1206 987 et
1244 946 1400 1005 parvom

345 1017 442 1077 filium
471 1017 641 1092 relinquere
673 1015 777 1076 debuit
805 1019 837 1076 et
862 1014 1013 1092 perditam
1040 1014 1204 1092 quaerero?
1238 1018 1299 1078 sub
1329 1019 1372 1077 in-

347 1110 429 1167 certa
456 1125 509 1183 spe
535 1124 598 1165 non
617 1105 704 1181 fecit,
731 1104 908 1167 seduxeris
929 1105 1123 1181 inquisitione
1146 1104 1249 1165 dilata
1272 1107 1371 1183 potins

348 1215 440 1272 quam
466 1196 578 1255 reiecto
603 1195 704 1271 primo
732 1193 850 1255 duobus
882 1193 1046 1254 comnluit:
1080 1194 1234 1271 venimus,
1263 1197 1371 1273 inquit,

347 1283 731 1345 addestinstumlccnm.
775 1284 1371 1345 biedcnmmocilertisombusuao

347 1375 443 1448 defuit
464 1378 492 1432 et
512 1374 627 1433 condes
648 1377 809 1446 unumque
829 1373 984 1447 umque
1005 1373 1123 1446 fdcdd:
1152 1372 1233 1447 vidi,
1263 1374 1401 1450 inquito

348 1463 428 1540 qood
451 1464 587 1523 animum
605 1481 709 1523 meum
729 1463 850 1522 insania
867 1461 1028 1521 durissimi
1050 1461 1161 1522 doloris
1185 1462 1371 1539 accenderet

295 1556 348 1607 '145
357 1553 454 1614 solem
482 1550 596 1612 scilicet
625 1550 754 1613 defuisse
784 1552 941 1629 coniugem
969 1569 1076 1611 meana
1121 1566 1208 1625 φκηι
1238 1569 1304 1613 nou
1328 1554 1372 1612 iu·

348 1642 451 1700 neoni
472 1657 574 1700 omens
594 1641 801 1714 imumque
822 1641 1019 1714 deamque?
1039 1637 1112 1715 [out
1127 1640 1200 1714 quid
1217 1641 1254 1700 in
1273 1658 1372 1702 werra

348 1730 411 1790 nidi
433 1729 581 1789 undatius
602 1727 712 1805 arist]
747 1729 859 1804 dolore,
877 1728 986 1805 inquit
1003 1729 1097 1789 nimio
1119 1729 1256 1790 insanire
1280 1731 1371 1807 coepi,

349 1819 382 1879 in
412 1821 533 1878 tantum
562 1821 599 1877 ut
629 1817 747 1895 perdito
779 1821 862 1877 statu
892 1820 1003 1879 mantis
1030 1820 1128 1879 omnis
1154 1818 1298 1881 homines
1329 1820 1401 1879 ins

350 1925 485 1968 auserem
507 1911 538 1967 et
560 1909 716 1968 universos
734 1905 971 1966 inreverenlibus
987 1906 1089 1967 'verbis
1107 1907 1286 1983 adpeterern
1304 1909 1371 1969 deos

351 1997 532 2056 calamitatis
556 1997 640 2055 illins
662 2015 729 2056 reos
753 1995 888 2056 detinens
912 1998 1034 2055 cunctos
1057 1997 1111 2072 qui
1132 2015 1171 2055 ne
1190 2015 1291 2057 unum
1309 1998 1371 2074 qni·

350 2085 417 2144 dem
439 2088 527 2162 potui
548 2087 679 2161 reperire
697 2084 863 2144 tractando.
896 2087 999 2145 tantus
1019 2083 1100 2162 apud
1116 2103 1164 2143 me
1183 2089 1290 2145 uxoris
1308 2106 1371 2162 per·

350 2175 432 2235 ditae
453 2174 612 2253 gerebatur
630 2175 772 2249 adfectus,
791 2178 826 2233 ut
845 2175 946 2233 omnia·
967 2175 1050 2234 illius
1072 2176 1220 2250 temporis
1244 2176 1371 2236 adversa

351 2266 552 2342 superaverit,
579 2267 667 2323 tanta
690 2265 734 2323 fui
756 2282 909 2341 possessus
933 2266 1079 2339 amentia,
1106 2266 1141 2323 ut
1163 2264 1228 2322 illis
1252 2281 1404 2342 quoque»

351 2353 558 2413 maledicerem
581 2372 656 2429 quos
678 2373 803 2413 veneror
826 2372 942 2428 semper
965 2356 995 2411 et
1018 2353 1189 2429 conpetenti
1212 2353 1373 2415 devotione

352 2443 489 2518 suspicio.
527 2461 593 2501 ecce
617 2446 647 2501 et
670 2443 820 2503 confessus
844 2445 890 2501 est
913 2446 944 2501 et
966 2444 1109 2519 purgavit
1131 2443 1260 2517 crimen3
1285 2444 1374 2503 habet

352 2532 432 2591 enim
454 2532 574 2591 reniam
597 2531 742 2608 quicquid
765 2531 935 2591 admittitur
956 2550 1011 2607 per
1032 2532 1172 2590 furorem.

418 2620 582 2680 Ascanium
599 2620 803 2693 Anchisenque
820 2624 939 2693 panem
958 2621 1140 2693 Teucrosque
1156 2623 1281 2693 penatis
1301 2639 1373 2680 corn

352 2711 455 2769 ruendo
483 2712 569 2769 sociis
597 2714 623 2768 ei
649 2728 741 2769 curce
767 2710 844 2769 uuile
870 2710 1007 2778 reconda
1038 2713 1073 2768 ut
1104 2708 1164 2768 loci
1196 2715 1313 2770 secreto
1345 2713 1406 2768 eta

353 2800 501 2858 sociorum
524 2798 694 2857 defensione
716 2798 776 2857 tuti
799 2817 862 2858 esse
886 2800 1066 2873 potuissent,
1094 2798 1211 2857 scilicet
1235 2801 1373 2859 multitu·

353 2887 431 2946 dinis
446 2886 563 2945 fiducia.
593 2890 656 2960 ipsc
673 2889 774 2946 urbem
791 2892 888 2960 repeto
907 2891 933 2945 ct
950 2889 1051 2961 anyer
1067 2888 1248 2961 sculpentibus
1268 2892 1374 2948 armis:

354 2994 420 3035 ecce
440 2976 573 3034 adfectus
591 2978 660 3051 puri
679 2977 709 3033 st
726 2976 847 3035 honesti
864 2976 1057 3050 matrimonii,
1072 2994 1109 3033 en
1123 2976 1260 3051 perditae
1275 2979 1374 3036 uxoris

354 3064 447 3124 dolor.
493 3063 619 3138 decrevi,
642 3066 749 3140 inquit,
773 3064 811 3123 ob
835 3066 1060 3139 inquisitionem
1083 3064 1211 3123 dilectae
1238 3066 1374 3143 coniugis

355 3154 412 3212 duo
442 3153 592 3211 contraria
615 3152 713 3229 sequi:
745 3157 780 3212 ut
802 3153 932 3212 redirem
955 3154 993 3212 ad
1015 3153 1130 3227 urbem,
1153 3172 1190 3211 ex
1213 3173 1275 3229 qua
1298 3154 1407 3215 diffinio

355 3243 450 3302 culter
473 3260 634 3316 evaseram,
658 3242 756 3301 subire
780 3245 890 3301 iterum
913 3261 999 3302 casus
1018 3242 1115 3301 adhuc
1134 3245 1299 3303 saevientis
1317 3245 1373 3302 for·

354 3335 445 3392 tunae
473 3335 503 3390 et
529 3332 731 3406 periculorum
759 3334 893 3392 omniurn
925 3335 1034 3391 sortem
1067 3333 1187 3391 novatis
1221 3332 1373 3392 laboribus

427 3503 533 3557 ddicet
550 3501 603 3555 LR
621 3502 697 3556 docet
713 3520 728 3555 r
746 3501 815 3557 dicit
833 3501 876 3555 ed.
903 3502 908 3571 Ι
936 3501 1073 3570 numquid
1091 3500 1136 3555 ed.
1210 3503 1308 3557 tsine
1325 3500 1374 3555 La

355 3580 380 3629 et
396 3591 418 3629 a
439 3574 481 3629 ed.
564 3579 597 3627 13
616 3580 709 3628 aut-
722 3579 755 3626 14
773 3574 839 3628 iube
859 3572 1065 3638 decertata,
1085 3572 1133 3627 sed
1154 3572 1322 3641 explicatur.

357 3650 390 3699 19
408 3645 564 3717 ponebatur
582 3644 634 3697 La
651 3645 796 3715 pereboiur
813 3644 857 3699 ed.
876 3645 950 3713 post.
1028 3649 1063 3698 ab
1082 3645 1149 3698 iocis
1165 3643 1193 3696 a
1211 3660 1282 3699 corr.
1300 3662 1322 3698 r.

356 3721 390 3771 26
408 3716 584 3772 multitudini
601 3715 654 3769 La
672 3716 730 3770 -nr's
746 3734 768 3768 r.
856 3721 890 3770 28
909 3732 944 3771 en
961 3714 1015 3769 LR
1032 3721 1058 3770 et
1075 3715 1119 3770 ed.
1203 3721 1238 3770 31
1256 3717 1372 3771 subirem

355 3786 408 3841 La
426 3788 517 3843 subire
535 3803 586 3841 nos
605 3789 733 3857 (propter
750 3788 890 3857 erpuini).
