3250 4350
704 401 911 457 PRAEFATIO
1202 402 1318 456 XXXIX

288 572 396 646 unisse,
419 571 501 647 quod
519 573 551 630 et
567 591 622 646 pro
642 571 691 647 „id
709 568 772 631 est“
792 574 822 630 et
840 589 894 647 pro
913 569 1029 645 „idem“
1048 589 1137 647 saepe
1155 571 1316 631 invenitur.

291 681 332 720 ne
359 662 463 721 autem
489 662 544 719 aut
567 660 594 718 R
620 663 673 719 aut
695 679 730 719 ex
753 660 839 719 libris
861 657 992 720 HOUM
1015 660 1124 735 aliquis
1148 660 1239 720 fuisse
1262 681 1316 738 pu·

294 752 378 809 tatur
409 768 501 826 supra
533 752 730 825 praecautum
762 752 816 808 est.
862 749 938 808 illud
970 768 1040 808 vero
1073 767 1203 809 asserere
1235 750 1316 824 licet,

296 841 419 915 propter
445 838 528 922 locos
555 838 752 897 communiter
780 839 817 898 ab
841 838 866 896 L
895 841 925 896 et
947 837 975 893 V
997 838 1214 914 discrepantes,
1240 858 1315 914 quo·

294 946 364 986 rum
386 927 523 1003 exempla
546 945 638 1003 supra
661 929 764 1002 attrnli,
791 927 939 986 editorum
963 925 1196 1003 „archetypum“
1219 927 1315 986 eidem

295 1015 429 1075 familiae
452 1016 710 1076 adnumerandum
733 1035 796 1076 esse
821 1020 911 1092 atque
930 1015 1066 1076 HOUM.
1102 1017 1234 1089 „mendis
1253 1017 1314 1075 edi-

294 1105 409 1164 tionem
431 1105 665 1181 Neapolitanam
691 1105 736 1166 ita
760 1106 907 1181 repletam
935 1123 1011 1178 esse,
1039 1108 1073 1164 ut
1088 1105 1208 1165 Donati
1235 1123 1314 1165 com·

293 1193 435 1254 mentarii
463 1196 494 1253 et
521 1193 594 1253 editi
622 1196 653 1253 et
679 1214 739 1254 non
766 1194 842 1254 editi
868 1192 1065 1268 viderentur“,
1095 1196 1160 1253 iure
1191 1198 1313 1270 questus

291 1287 338 1342 est
363 1281 510 1359 Georgius
533 1282 695 1343 Fabricius.
741 1303 833 1359 quam
859 1283 933 1342 bene
961 1284 1025 1361 ipse
1050 1283 1086 1341 de
1109 1283 1230 1343 Donato
1252 1303 1313 1342 me·

290 1373 369 1430 ritus
389 1367 431 1431 sit
448 1391 518 1431 mox
536 1372 711 1431 videbimus.
745 1393 839 1432 unum
862 1372 953 1431 addo:
977 1375 1092 1448 quanta
1114 1391 1184 1448 pars
1208 1373 1313 1448 culpae

291 1461 324 1519 in
347 1460 465 1533 Flavio,
489 1463 602 1535 quante
625 1461 657 1520 in
681 1459 823 1537 scriptore
847 1461 911 1520 eius
935 1460 1043 1520 codicis
1065 1461 1196 1535 haereat,
1218 1480 1312 1538 quon·

290 1548 354 1608 iam
382 1549 432 1608 hic
458 1549 546 1608 hodie
573 1569 634 1609 non
662 1552 756 1624 extat,
785 1549 946 1625 disceptari
974 1569 1034 1608 non
1062 1553 1170 1624 potest.
1216 1552 1312 1609 multa

290 1639 322 1697 in
352 1657 388 1697 eo
416 1638 539 1712 omissa,
567 1639 747 1713 deformata,
779 1642 896 1697 mutata
929 1639 1019 1698 fuisse
1052 1658 1087 1696 ex
1114 1638 1311 1699 similitudine

290 1726 440 1787 librorum
458 1725 554 1787 HOU
572 1728 785 1805 suspicandum
808 1731 861 1787 est.
899 1727 1105 1786 additamenta
1124 1731 1233 1801 autem,
1252 1749 1311 1788 non

289 1817 360 1876 dico
383 1835 520 1892 eaquae
544 1817 721 1876 emendandi
743 1835 834 1876 causa
856 1816 995 1875 breviora
1017 1819 1130 1875 inserta
1153 1820 1233 1890 sunt,
1259 1818 1311 1877 sed

288 1905 366 1965 haec
390 1924 467 1980 quae
490 1905 576 1965 nulla
594 1908 718 1983 cogente
737 1924 827 1965 causa
845 1905 1030 1981 interpolata
1048 1904 1311 1981 deprehenduntur

292 1997 321 2068 1,
338 1985 428 2054 346¹&
458 1996 532 2054 506.
562 1997 592 2069 4,
608 1997 679 2054 221.
710 1996 738 2068 6,
754 1996 827 2053 579,
852 1996 925 2053 647.
950 1995 981 2068 8,
996 1996 1069 2053 323.
1095 1995 1211 2069 9,487.
1236 1997 1309 2054 818.

292 2087 344 2159 10,
357 2085 431 2142 325.
453 2084 587 2158 11,126.
608 2084 680 2142 678.
702 2085 774 2142 750.
796 2087 846 2159 12,
861 2086 936 2157 878,
954 2084 1060 2143 Flavio
1079 2084 1197 2142 crimini
1210 2084 1310 2143 danda

288 2177 373 2232 sunt.
419 2192 523 2234 eorum
545 2171 672 2232 maxime
695 2172 827 2232 notabile
853 2177 903 2248 10,
919 2176 982 2234 325
1005 2162 1167 2233 Garoilassi
1189 2175 1310 2251 patroni

288 2262 508 2322 adolescentuli
535 2263 633 2339 matie
664 2262 822 2320 confictum
848 2266 930 2338 puto.
954 2294 998 2305 —
1025 2262 1111 2321 Hanc
1140 2263 1309 2338 editionem,

288 2371 384 2426 quam
407 2352 591 2428 incognitam
611 2350 766 2410 Germanis
790 2371 825 2409 ex
848 2351 954 2410 itinere
976 2352 1083 2412 Italico
1107 2370 1207 2411 secum
1230 2356 1308 2411 attu-

289 2440 383 2514 lerat,
411 2438 445 2499 G.
469 2440 622 2499 Fabricius
647 2438 867 2499 Ohemnieensis
895 2440 980 2499 annis
1005 2441 1221 2499 1547—1551
1249 2461 1309 2499 una

289 2548 360 2588 cum
382 2529 511 2607 Vergilii
537 2530 622 2588 textu
649 2532 680 2587 ot
703 2528 924 2588 commentariis
948 2528 1045 2587 Servii
1067 2528 1206 2589 Basileae
1229 2531 1308 2605 apud

288 2617 454 2677 Henricum
473 2617 555 2676 Petri
572 2617 662 2693 typis.
672 2618 902 2693 imprimendam
921 2618 1046 2677 curavit.
1083 2617 1306 2677 vitiosissimam

288 2726 356 2765 eam
380 2724 444 2766 esse
467 2725 568 2767 omnes
588 2706 640 2782 qui
657 2706 689 2765 in
707 2707 860 2765 Donatum
883 2725 1005 2781 operam
1023 2708 1233 2783 impenderunt
1254 2725 1307 2781 pa-

288 2795 365 2853 riter
386 2796 606 2855 intellexerunt.
644 2794 695 2854 sed
712 2796 797 2871 peius
817 2814 848 2854 se
866 2814 913 2854 res
932 2795 1024 2854 habet
1042 2814 1131 2871 quam
1151 2796 1199 2854 vel
1219 2796 1306 2854 Thilo

289 2884 465 2960 praesensit,
484 2904 551 2943 cum
574 2885 692 2943 collatis
711 2884 890 2960 quibusdam
903 2884 1045 2943 Vaticani
1062 2884 1136 2944 loeis
1154 2884 1306 2943 Donatum

290 2992 370 3033 nova
397 2973 527 3033 editione
553 2975 711 3050 vulgatum
738 2975 845 3049 „longe
874 2973 966 3031 eliam
998 2973 1105 3032 faciem
1133 2974 1306 3033 habituum

290 3060 371 3121 esse“
396 3061 545 3136 scriberet,
567 3063 615 3121 vel
638 3083 665 3121 v.
680 3062 708 3120 d.
722 3062 846 3123 Hoeven
869 3065 1013 3138 repperit,
1042 3082 1109 3121 oum
1132 3062 1306 3121 Harlemen-

290 3169 353 3209 sem
381 3152 535 3210 conferret.
580 3171 651 3210 nam
678 3170 738 3210 non
764 3152 853 3211 modo
882 3169 982 3210 eorum
1009 3152 1151 3210 vitiorum
1175 3152 1305 3226 quaein

291 3239 421 3298 editione
439 3240 584 3299 Flaviana
607 3243 765 3300 occurrunt
783 3244 921 3299 sexcenta
939 3240 1093 3299 Fabricius
1115 3241 1306 3298 inemendata

292 3327 405 3387 dimisit
436 3329 487 3387 sed
520 3329 609 3387 etiam
642 3348 721 3389 nova
752 3330 816 3405 ipse
843 3330 969 3407 ingessit
995 3348 1055 3388 non
1083 3348 1186 3404 pauca.
1232 3330 1305 3387 satis

292 3417 397 3477 habuit
428 3418 603 3477 manifestos
635 3418 775 3478 editionis
802 3418 966 3477 Flavianae
999 3437 1112 3477 errores
1145 3421 1198 3477 aut
1230 3436 1304 3492 quos

293 3508 464 3566 manifestos
498 3507 637 3566 credebat
668 3509 814 3584 corrigere
846 3507 938 3583 idque
965 3510 1172 3583 properanter,
1204 3507 1304 3565 indili-

294 3598 403 3671 genter,
425 3614 513 3671 saepe
536 3598 646 3672 inepte,
669 3597 817 3655 sententia
838 3616 946 3672 parum
973 3614 1127 3672 perpensa.
1173 3595 1303 3655 oodioem

294 3685 369 3742 anim
391 3685 521 3761 Neapoli
547 3688 619 3745 tunc
645 3685 724 3743 haud
753 3684 840 3745 dubie
867 3686 987 3747 salvum
1014 3685 1052 3747 ab
1077 3704 1112 3747 eo
1134 3705 1199 3747 non
1220 3685 1314 3747 oolla·

294 3772 349 3827 tum
368 3773 553 3829 esseomicsa
569 3772 637 3845 ἰρειι
652 3773 771 3837 maiora
790 3778 975 3861 ostendunt,
1000 3785 1077 3845 sunt
1095 3780 1182 3845 enim
1199 3796 1334 3840 numero
