3250 4350
358 421 399 485 78
637 420 777 476 ΒΟΝΑΤΙ
794 420 964 475 INTERPR.
983 418 1091 474 Vnus.

356 592 465 650 chaeus
492 591 603 668 fugam.
649 591 805 667 proposita
832 589 1009 649 necessitate
1031 587 1167 666 fugiendi
1190 587 1307 647 addidit
1327 588 1365 647 la·

356 679 503 739 cilitatem
532 678 656 740 dicendo
684 679 885 751 scribamque
910 681 978 737 otae
998 683 1106 737 onnes
1128 679 1228 737 tellwe
1251 677 1368 736 recbedit

356 771 539 838 tbmsaurcs,
568 771 698 842 unctum
728 770 842 843 arpenti
864 768 984 841 pondus
1013 772 1040 826 et
1066 769 1143 826 ouri.
1189 766 1270 842 quod
1297 765 1368 825 dixit

355 861 470 918 veteres
497 858 674 917 thensauros
704 855 736 916 et
766 859 906 936 ignotum
937 858 1056 935 argenti
1086 856 1203 933 pondus
1235 859 1267 915 et
1298 857 1368 928 auri,

356 947 509 1007 ostendere
532 947 632 1007 voluit
654 945 831 1005 sufficientis
854 946 893 1004 ad
916 945 1082 1005 subsidium
1104 947 1203 1023 fugae,
1222 945 1276 1020 qui
1293 945 1396 1004 tantis

354 1036 484 1111 fuerunt,
507 1040 542 1095 ut
565 1055 665 1095 eorum
688 1035 805 1111 pondus
823 1037 1030 1113 ignoraverint
1048 1036 1171 1094 extrarii
1188 1037 1219 1094 et
1238 1033 1368 1108 Sychaeo

355 1128 385 1184 et
407 1127 467 1200 ipsi
490 1127 577 1184 uxori
600 1125 712 1183 fuerint
733 1126 890 1202 incogniti.
936 1124 1110 1183 consulendi
1132 1141 1204 1201 ergo
1227 1125 1261 1181 iu
1287 1141 1369 1197 prae

355 1217 434 1274 senti
456 1213 592 1292 fugiendi
613 1214 790 1273 mandatum
813 1214 874 1272 fnit
896 1216 927 1273 et
947 1212 1149 1289 prospiciendi
1175 1214 1209 1270 in
1235 1214 1370 1270 futurum

301 1310 354 1358 360
362 1304 592 1363 thensaurorum
618 1305 778 1378 praecepta
805 1303 975 1362 translatio.
1020 1303 1066 1361 bis
1097 1306 1237 1360 monneto
1269 1302 1370 1375 fugam

354 1394 434 1452 Dido
451 1395 598 1465 sociosque
610 1394 756 1466 parabat:
774 1392 928 1468 publicato
943 1392 1052 1451 scelere
1067 1393 1158 1467 atque
1172 1392 1236 1450 eius
1251 1393 1369 1450 auctore
1380 1407 1398 1449 n

354 1501 407 1557 per
435 1481 583 1540 Didonem
614 1481 733 1558 prodito
767 1483 841 1541 socii
872 1481 962 1558 fugae
994 1484 1155 1556 coeperrmt
1186 1481 1369 1556 congregari

354 1590 414 1630 non
441 1574 507 1630 erat
534 1571 613 1629 enim
641 1571 798 1630 consilium
823 1572 924 1646 petere
947 1569 1103 1629 mulierem
1125 1569 1189 1628 sine
1212 1569 1369 1628 comitibus

354 1660 467 1737 fugam,
489 1660 538 1719 vel
561 1662 688 1719 maxime
713 1679 788 1735 quae
811 1659 949 1736 fugitura
972 1678 1040 1717 cum
1061 1659 1231 1717 thensauris
1259 1659 1369 1732 silenat,

354 1749 543 1809 metuebatur
566 1751 645 1808 anim
663 1748 852 1826 Pygmalion,
874 1768 911 1807 ne
935 1750 1046 1807 amissa
1069 1765 1121 1822 spe
1143 1747 1370 1806 thensaurorum

354 1842 527 1914 sequeretur
549 1842 580 1898 et
602 1840 634 1895 in
657 1839 824 1916 peregrinis
848 1837 961 1896 faceret
983 1836 1064 1912 quod
1086 1838 1118 1894 in
1141 1836 1261 1895 sedibus
1280 1837 1399 1894 occisis

354 1928 491 2004 conplere
509 1947 568 1987 non
586 1928 694 2005 potuit.
737 1926 1037 1999 abominationibus
1060 1929 1113 1984 aut
1134 1927 1235 1984 odium
1257 1925 1370 1984 crudele

354 2019 474 2090 tyrurmi
502 2022 554 2075 aut
580 2021 672 2076 metus
699 2034 766 2075 acer
794 2021 870 2075 erat
902 2015 961 2074 duo
990 2033 1099 2092 genera
1125 2014 1281 2074 hominum
1304 2032 1369 2089 pro·

354 2107 456 2181 posuit
482 2105 633 2183 fugiturae
656 2104 769 2165 Didoni
796 2124 859 2164 esse
888 2107 1014 2179 sociata,
1039 2123 1133 2162 unum
1156 2103 1236 2180 quod
1259 2103 1369 2162 odisset

354 2195 589 2272 Pygmalionem,
613 2197 741 2254 alterum
764 2195 844 2271 quod
867 2196 999 2254 timeret:
1032 2194 1134 2252 odium
1157 2192 1299 2252 debemus
1325 2212 1368 2252 ac·

354 2286 452 2360 cipere
475 2303 576 2342 eorum
599 2284 692 2343 fuisse
714 2286 768 2360 qui
789 2285 941 2343 nonnullis
964 2283 1079 2342 viribus
1103 2284 1130 2341 ei
1153 2283 1291 2341 resistere
1320 2300 1400 2358 po-rr

353 2374 492 2446 tuissent,
514 2377 627 2432 metum
650 2392 720 2433 vero
745 2391 847 2432 eorum
871 2371 976 2449 quiin
999 2371 1140 2430 inferiore
1163 2372 1228 2430 loco
1253 2373 1284 2429 ct
1312 2372 1368 2429 for·

352 2468 427 2522 tuna
456 2465 625 2537 constituti,
654 2482 720 2520 cum
747 2463 838 2521 reniti
866 2464 956 2538 atque
984 2461 1133 2521 obluctari
1155 2459 1216 2518 non
1238 2463 1369 2535 possent,

353 2552 471 2611 facilius
504 2570 535 2610 se
566 2554 740 2611 interituros
774 2551 1006 2609 arbitrabantur.
1058 2551 1112 2609 alii
1144 2567 1214 2626 ergo
1246 2552 1369 2625 propter

354 2642 456 2700 odium
482 2641 628 2700 iuvabant
655 2641 781 2699 Didonis
809 2641 1028 2714 necessitatem,
1056 2658 1093 2697 ne
1117 2638 1298 2716 Pygmalion
1321 2638 1368 2697 ob·

352 2721 462 2788 tineret
485 2730 564 2804 quod
591 2730 713 2789 volebat
739 2734 769 2787 et
795 2730 965 2788 thensauris
995 2730 1109 2788 invasis
1139 2727 1224 2786 fieret
1253 2728 1401 2801 tortionis

354 2819 407 2876 alii
424 2821 548 2893 propter
565 2822 686 2892 metum,
710 2818 818 2894 quibus
839 2818 1020 2877 offerebatur
1038 2816 1163 2890 occasio,
1181 2819 1216 2874 ut
1235 2820 1369 2875 carerent

352 2907 481 2967 hominis
505 2909 671 2965 saevissimi
695 2908 905 2966 dominatione.
942 2908 1029 2965 mois
1051 2924 1126 2978 quoe
1148 2908 1223 2978 forte
1240 2910 1369 2978 paratae

353 2999 523 3070 corrmiwnt,
547 2997 603 3055 hoc
627 3001 672 3055 est
694 3015 803 3074 magna
827 2997 1035 3071 properatione
1058 2997 1091 3053 in
1109 3014 1202 3052 unum
1222 2994 1369 3071 colligunt

352 3088 438 3145 navis
462 3104 538 3161 quac
562 3087 638 3144 forte
661 3088 693 3143 in
716 3087 868 3162 praesenti
890 3086 1010 3143 fuerant
1036 3087 1173 3160 paratae:
1205 3102 1266 3141 non
1290 3083 1368 3142 enim

351 3178 422 3233 talis
445 3174 607 3250 quaerebat
630 3175 789 3234 necessitas
813 3193 891 3250 quac
915 3172 1117 3233 desiderarent
1143 3172 1290 3230 fabricam
1319 3174 1403 3230 autsc

352 3264 520 3340 indigerent
544 3264 694 3340 aliquibus
718 3264 920 3337 armamentis,
939 3263 990 3322 sed
1013 3281 1089 3338 quae
1113 3264 1211 3321 essent
1233 3264 1367 3336 paratae.

353 3356 379 3412 si
407 3356 485 3411 enim
512 3354 663 3411 videretur
691 3353 804 3429 aliquid
832 3352 938 3412 novari
964 3354 997 3411 in
1024 3351 1153 3428 navigiis
1183 3352 1237 3408 aut
1264 3349 1368 3408 eadem

353 3443 504 3501 nonnullis
537 3444 660 3516 instrui,
693 3442 821 3501 dabatur
853 3446 959 3518 aperta
991 3442 1134 3516 suspicio,
1167 3440 1247 3515 quod
1280 3439 1367 3517 fugae

424 3601 439 3647 3
459 3597 602 3664 quod-4
616 3595 682 3648 auri
700 3611 753 3647 om.
765 3594 807 3648 ed.
863 3600 878 3646 5
897 3594 1051 3647 sebsidium
1064 3592 1117 3645 LR
1135 3593 1275 3646 aurelium
1289 3592 1332 3647 cd.

345 3668 513 3721 bertrami
528 3667 570 3721 ed.
606 3668 613 3735 l
646 3666 767 3737 Sychaeo
786 3664 839 3717 LR
857 3665 900 3718 ed.
921 3664 1100 3737 Pygmaliona·
1117 3663 1227 3733 Hoppc.
1309 3667 1368 3717 8et

327 3740 401 3789 ante
414 3738 559 3808 fugiendi
572 3738 712 3810 interpol.
728 3739 773 3795 ed.
862 3743 898 3791 it
916 3743 1059 3806 coeperant
1073 3734 1128 3787 lilt
1143 3740 1271 3802 poterant
1289 3734 1340 3788 cd..

314 3808 356 3853 27
373 3808 609 3868 delineationem
630 3813 694 3869 LR.
722 3862 727 3871 .
