3250 4350
554 1045 777 1113 AENEIDOS
801 1047 934 1112 LIBER
957 1048 996 1112 V.

335 1197 433 1272 Supra
460 1188 507 1279 (45,
525 1187 603 1276 582)
633 1196 710 1255 dixit
737 1196 881 1257 Troianos
909 1198 1080 1273 navigasse,
1112 1196 1282 1263 sedinter·

266 1288 366 1360 posita
389 1285 586 1361 desoriptione
610 1287 731 1344 actuum
748 1284 875 1345 Didonis
899 1288 930 1344 et
951 1285 1057 1344 mortis
1080 1286 1282 1362 navigationis

266 1375 399 1450 ipsorum
422 1375 519 1434 divisa
541 1376 675 1434 narratio
700 1377 752 1434 est.
795 1375 833 1433 ad
856 1369 934 1434 hano
956 1374 1051 1450 igitur
1072 1376 1162 1450 poete
1184 1391 1282 1452 regre-

267 1463 361 1540 ditur,
395 1467 466 1540 quia
497 1463 578 1540 quod
609 1465 830 1540 interposuerat
861 1466 980 1522 oonstat
1010 1464 1165 1539 inpletum.
1211 1476 1282 1539 ergo
1330 1520 1337 1547 Ι

237 1552 421 1630 asubiungit
443 1556 554 1613 intereo
576 1554 703 1611 medium
725 1551 843 1612 Aeneas
865 1553 927 1610 iam
950 1553 1041 1612 classe
1059 1553 1170 1612 tenebat
1188 1556 1282 1612 certus

266 1643 334 1699 iter:
357 1643 481 1716 interea,
503 1643 559 1700 hoo
582 1645 626 1702 est
650 1660 717 1700 oum
739 1642 794 1700 illa
817 1644 974 1718 perageret
995 1642 1060 1700 fata
1083 1659 1146 1715 sua,
1164 1640 1282 1701 Aeneas

267 1730 458 1805 aliquantum
481 1733 638 1807 provectus
661 1733 718 1805 est3
742 1749 812 1789 nam
835 1731 896 1791 iam
919 1729 1042 1789 tenebat
1064 1729 1195 1790 medium
1216 1729 1282 1803 iter,

266 1819 322 1878 hoe
350 1827 395 1878 est
421 1820 454 1877 in
482 1820 543 1879 alto
572 1822 633 1879 iam
661 1819 759 1878 fuerat
782 1821 972 1879 eonstitutus.
1018 1820 1061 1880 sio
1084 1821 1114 1877 et
1136 1820 1169 1877 in
1191 1819 1282 1878 tertio

266 1908 343 1965 libro
368 1899 461 1989 (664)
486 1909 530 1967 ait
552 1902 764 1984 „graditurque
784 1927 839 1984 per
857 1908 1047 1983 aequoniam
1066 1907 1198 1966 medium
1215 1926 1282 1968 noo·

225 2016 252 2054 ro
267 1996 337 2054 dnm
360 1996 467 2056 fluctus
490 1997 587 2056 latera
610 1996 703 2055 ardua
726 1995 843 2057 tinxit.
884 2000 999 2058 eertum
1023 1999 1123 2056 autem
1146 2014 1282 2055 seourum

266 2085 405 2144 debemus
434 2088 579 2162 accipere,
607 2085 687 2162 quod
713 2088 775 2144 iam
806 2086 896 2162 longe
924 2089 1001 2146 esset
1028 2087 1058 2144 et
1085 2085 1203 2147 nullum
1230 2084 1281 2144 ad·
1354 2090 1357 2095 ’

266 2178 396 2235 verteret
419 2178 511 2251 sequi.
557 2178 718 2249 fluctusque
741 2178 820 2234 atros
843 2176 979 2249 aquileae
1001 2176 1130 2235 secabat:
1161 2177 1215 2251 qui
1237 2177 1281 2234 in·

265 2264 419 2322 tellectum
452 2262 510 2324 looi
541 2264 629 2323 istius
662 2266 774 2323 soaevis
806 2264 1104 2340 interpretationibus
1134 2264 1281 2340 dissipant

267 2353 388 2411 dimisso
418 2372 451 2413 eo
478 2353 559 2428 quod
581 2353 717 2431 intellegi
740 2352 828 2413 debet
850 2355 1108 2431 argumentatione
1131 2353 1282 2429 superflua

225 2462 251 2500 rs
266 2443 444 2518 perquirunt
467 2442 546 2517 quod
569 2444 659 2517 poeta
681 2460 740 2502 non
764 2442 865 2501 sensit.
912 2442 1015 2501 dieunt
1038 2444 1116 2500 enim
1142 2441 1281 2516 aquilone

266 2533 357 2589 vento
382 2550 400 2589 a
424 2529 614 2608 Carthaginis
637 2531 726 2589 litore
750 2529 789 2589 ad
806 2530 1091 2609 Italiamnavigari
1113 2550 1173 2589 non
1195 2547 1282 2605 posse

265 2619 447 2695 perindeque
473 2620 596 2679 Aenean
623 2638 683 2678 non
710 2620 861 2695 aquilonis
888 2620 1030 2697 suffragio
1057 2619 1282 2696 navigationem

266 2710 409 2782 movisse,
442 2708 494 2766 sed
524 2712 613 2768 vento
647 2708 706 2766 alio
740 2708 792 2783 qui
824 2712 925 2784 posset
954 2710 986 2768 in
1012 2707 1134 2767 Italiam
1166 2708 1281 2781 ducere,
1312 2766 1314 2768 ,

265 2796 404 2855 fluetibus
423 2801 524 2856 tamen
544 2796 580 2858 ab
600 2794 750 2873 aquilonis
768 2800 854 2873 parte
869 2796 1066 2870 venientibus,
1081 2798 1134 2872 qui
1146 2798 1281 2872 proxime

223 2906 251 2945 eo
264 2886 446 2961 praeteritus
474 2886 621 2947 diceretur
648 2887 790 2946 extitisse.
836 2886 892 2946 hoo
919 2889 1020 2961 posset
1044 2886 1140 2945 videri
1162 2886 1282 2961 aliqua-

264 2978 353 3033 tenus
376 2994 488 3048 verum,
507 2977 532 3034 si
551 2974 667 3035 Aeneas
690 2973 743 3034 illo
762 2977 896 3050 tempore
916 2975 954 3034 ad
971 2975 1094 3034 Italiam
1116 2976 1281 3053 navigaret

265 3066 338 3122 lieet
361 3065 439 3122 enim
462 3064 494 3123 in
515 3064 614 3140 prima
636 3063 840 3124 admonitione
863 3065 961 3126 iussus
985 3066 1025 3123 sit
1046 3063 1168 3126 Iulum
1192 3082 1281 3139 quae·

263 3172 344 3226 rere,
372 3154 403 3210 in
431 3153 560 3211 secunda
586 3156 689 3211 tamen
715 3154 819 3230 fugere
847 3153 1009 3229 cogebatur
1034 3156 1064 3211 et
1086 3171 1117 3213 se
1139 3152 1281 3213 instantis

263 3242 393 3316 periculi
412 3242 663 3317 contemplatione
680 3241 788 3300 finibus
802 3242 930 3301 liberare
945 3240 1144 3321 Carthaginis,
1158 3242 1282 3319 proinde

339 3434 354 3481 2
374 3435 484 3483 aarum
503 3429 528 3482 R
546 3429 634 3494 idem,
658 3431 691 3483 ut
708 3428 833 3494 ridetur,
857 3429 982 3482 sednon
1001 3427 1071 3482 eatis
1093 3429 1241 3497 perspicue
1260 3428 1281 3479 L

263 3498 311 3566 (of.
333 3505 357 3563 1,
373 3505 423 3553 733
443 3503 472 3554 et
490 3508 516 3567 4,
531 3505 565 3555 80
588 3507 667 3555 artae
685 3501 826 3569 Didomt).
848 3503 852 3568 Ι
875 3501 972 3554 mortis
989 3499 1041 3552 LR
1058 3518 1093 3552 m.
1107 3502 1166 3553 aiace
1184 3500 1227 3551 ed.

263 3577 281 3624 5
301 3571 453 3641 aubiuapot
470 3572 496 3625 R
515 3573 549 3625 -e't
566 3571 596 3624 r'.
683 3577 699 3624 6
718 3588 780 3625 owm
797 3570 851 3623 La
868 3572 933 3626 dum
953 3571 996 3625 ed.
1079 3575 1112 3622 10
1131 3572 1220 3624 cinxit
1238 3570 1281 3624 ed.

323 3648 354 3694 12
378 3643 555 3711 {limibusque
578 3643 604 3696 a
627 3659 696 3697 oorr.
716 3660 736 3695 r.
844 3647 876 3695 13
899 3644 983 3697 scaeis
1006 3641 1058 3693 LIt
1083 3642 1162 3695 duria
1185 3642 1228 3695 ed.

266 3720 300 3768 19
320 3714 448 3779 {luctatus
465 3714 517 3767 LR
536 3713 584 3767 edI
602 3716 701 3781 fluctus
719 3713 785 3768 edl'.
