3250 4350
682 411 889 467 PRAEFATIO
1268 413 1293 467 V

273 569 328 658 (cf.
350 581 378 652 6,
395 570 474 659 601)
502 579 667 657 legentium
695 581 830 640 taedium
857 581 994 659 effugiat3
1027 599 1116 655 quam
1142 580 1295 640 subtiliter

272 667 402 726 dicenda
425 671 596 743 praestruat
619 662 671 749 (cf.
693 673 721 744 1,
737 671 810 729 354.
831 671 903 730 670.
925 671 997 728 677.
1019 671 1048 744 5,
1063 671 1136 728 507.
1158 672 1293 744 11,649.

274 748 370 837 803),
398 758 561 834 propositis
588 758 767 834 respondeat
791 751 843 839 (ci.
863 761 892 832 2,
908 750 987 839 323)
1014 763 1150 818 autnon
1173 777 1294 836 respon-

274 845 345 904 deat
369 837 421 925 (cf.
442 839 576 928 2,198),
600 848 638 905 ad
662 850 817 923 superiora
838 847 981 924 respiciat
1004 839 1055 927 (cf.
1076 849 1105 921 2,
1121 849 1194 907 329.
1219 850 1293 907 337.

276 935 349 993 501.
375 926 471 1015 544),
495 954 586 1010 quam
609 939 738 995 oratorie
762 937 843 995 dicta
867 936 1036 1014 augmentis
1060 937 1200 1011 cumulet,
1224 956 1294 1012 sup-

274 1023 434 1098 plementis
458 1026 549 1084 satiet
567 1025 789 1102 amplificatque
808 1018 859 1106 (of.
872 1030 900 1100 1,
911 1027 984 1085 600.
1000 1027 1073 1084 642.
1091 1027 1162 1084 730.
1179 1027 1294 1099 2,171.

277 1113 328 1187 10,
343 1105 437 1194 261),
461 1133 553 1189 quam
576 1113 735 1174 artificiose
759 1133 827 1173 eum
848 1116 880 1172 in
904 1115 972 1173 aliis
995 1113 1082 1174 rebus
1105 1119 1171 1173 tum
1192 1117 1225 1174 in
1244 1115 1293 1174 de·

274 1201 490 1277 scriptionibus
517 1203 708 1263 latitudinem
736 1222 836 1262 rerum
863 1205 1006 1263 sermonis
1035 1202 1183 1263 brevitate
1216 1222 1293 1262 com·

272 1290 428 1365 >plectatur
451 1283 631 1371 (51.1,494.
653 1295 681 1367 2,
698 1293 816 1351 3-13.
837 1294 950 1366 6,713.
970 1293 1062 1367 8,51.
1082 1295 1131 1351 79.
1158 1295 1208 1366 10,
1219 1293 1293 1352 897.

277 1381 328 1455 11,
344 1370 439 1458 515),
471 1384 614 1455 5555155
638 1385 734 1440 artem
758 1381 896 1441 ostendat
918 1383 950 1439 in
974 1381 1159 1441 orationibus
1188 1374 1238 1462 (cf.
1265 1385 1293 1457 1,

275 1468 326 1526 65.
352 1460 434 1549 231)
464 1469 561 1528 colore
588 1472 799 1546 praenuntiato
823 1462 875 1549 (cf.
898 1472 926 1544 1,
941 1471 1014 1529 254.
1035 1472 1064 1545 5,
1081 1472 1153 1529 704.
1175 1471 1203 1544 6,
1219 1471 1293 1530 387.

275 1559 395 1631 12,10.
418 1550 482 1639 18),
506 1559 661 1635 principiis
685 1560 879 1619 conformatis
903 1558 940 1618 ad
965 1577 1087 1618 causam
1110 1551 1161 1640 (ci.
1179 1562 1207 1634 7,
1219 1561 1293 1620 359.

275 1646 327 1721 10,
342 1647 394 1705 63.
417 1639 510 1726 611),
536 1648 679 1707 suadendi
706 1647 906 1723 persuadendi
932 1648 1054 1723 petendi
1082 1647 1216 1707 artificiis
1242 1649 1294 1707 ad-

272 1733 378 1794 hibitis
408 1727 458 1816 (cf.
485 1739 518 1811 2,
537 1738 610 1796 387.
640 1739 674 1812 4,
694 1738 745 1796 31.
776 1739 831 1812 10,
852 1737 924 1795 282.
947 1769 992 1778 -
1023 1738 1056 1812 3,
1077 1738 1127 1795 44.
1153 1738 1225 1796 640.
1248 1769 1294 1778 -

275 1825 304 1897 7,
320 1825 394 1882 229.
420 1825 517 1898 8,10.
543 1827 614 1886 145.
645 1829 673 1899 9,
689 1827 739 1885 83.
765 1827 838 1884 283.
865 1828 915 1901 10,
932 1817 1024 1906 153),
1054 1825 1294 1885 adversariorum

273 1915 460 1989 argumentis
482 1915 707 1990 praesumendis
731 1914 926 1974 extenuandis
949 1915 1115 1973 refutandis
1134 1906 1185 1995 (ci.
1202 1919 1230 1989 1,
1242 1916 1292 1973 65.

275 2003 327 2059 71.
353 2003 383 2074 5,
399 2002 472 2061 843.
497 2035 539 2044 -
566 2006 616 2078 11,
632 2006 705 2063 420.
732 2036 770 2044 -
797 2006 826 2078 4,
843 1995 934 2084 333),
967 2022 1058 2078 quam
1081 2003 1223 2078 praebeat
1250 2005 1294 2063 lo-

272 2108 379 2148 corum
411 2093 612 2150 communium
644 2093 761 2168 copiam
794 2084 845 2172 (of.
867 2095 899 2167 2,
919 2094 992 2151 403.
1022 2094 1055 2166 3,
1075 2085 1147 2172 41),
1179 2095 1294 2169 quanta

273 2180 408 2255 optimae
432 2179 571 2241 dictionis
594 2182 633 2241 ad
651 2182 831 2241 imitandum
850 2184 985 2257 exempla
1004 2175 1055 2263 (cf.
1068 2185 1095 2257 1,
1107 2184 1157 2241 49.
1178 2184 1207 2257 6,
1218 2183 1293 2242 858.

274 2260 393 2348 8,13).
439 2289 517 2345 5555
540 2270 566 2330 51
588 2271 723 2330 Donatus
747 2274 809 2330 suis
838 2271 995 2347 generibus
1023 2271 1169 2347 disposita
1196 2291 1292 2330 exem·

271 2357 394 2432 piisque
420 2358 572 2418 illustrata
600 2361 688 2418 certis
716 2359 866 2436 capitibus
892 2363 1066 2436 persecutus
1094 2364 1184 2434 55551,
1215 2362 1292 2419 51551

272 2448 381 2522 paucis
403 2447 477 2507 locis
502 2439 690 2527 (51.1,102
717 2450 834 2523 asu.
860 2442 939 2531 562)
963 2450 1132 2525 temptavit,
1155 2468 1216 2508 non
1239 2450 1292 2507 du-

272 2534 338 2594 bito
363 2537 436 2611 quin
459 2538 539 2595 inter
556 2538 763 2597 memorabiles
783 2540 942 2615 scriptores
961 2542 1176 2597 numeraretur.
1213 2556 1293 2596 nunc

272 2625 420 2699 quoniam
441 2629 540 2683 totum
564 2644 682 2685 carmen
705 2626 929 2703 interpretando
952 2645 1126 2703 percurrens
1146 2646 1222 2702 quae
1240 2627 1292 2685 do·

271 2731 339 2773 cere
373 2712 439 2771 vult
470 2716 583 2789 passim
615 2715 748 2792 dispersa
781 2720 811 2774 et
842 2735 896 2792 per
930 2716 1114 2775 occasionem
1147 2715 1293 2775 adnotata

271 2803 391 2877 profert
422 2802 605 2878 proindeque
637 2823 725 2880 saepe
757 2805 880 2880 repetit,
911 2804 1041 2880 reliqua,
1072 2804 1125 2863 ubi
1151 2805 1228 2863 nihil
1255 2806 1293 2864 de

271 2894 338 2950 arte
363 2890 572 2967 explicandum
596 2896 648 2969 est,
671 2894 756 2953 inani
778 2893 962 2969 loquacitate
985 2893 1159 2952 circumiens
1184 2893 1292 2968 reddit,

270 2982 431 3055 praeterea
454 2981 547 3039 nimio
571 2982 669 3040 studio
693 2982 774 3041 dicta
796 2986 904 3058 poetae
928 2983 1108 3059 expingendi
1136 2975 1186 3062 (cf.
1210 2983 1293 3058 quod

269 3069 336 3143 ipse
366 3067 526 3143 profitetur
556 3073 611 3144 10,
631 3072 694 3130 898
723 3074 754 3129 51
781 3091 797 3130 5
826 3073 971 3131 sexcentis
999 3092 1093 3130 unum
1125 3072 1291 3147 exemplum

272 3160 302 3231 9,
317 3149 513 3238 612-613)
537 3162 567 3217 51
585 3160 672 3235 quasi
690 3160 883 3219 exhauriendi
901 3157 951 3236 (cf.
970 3163 1020 3234 11,
1032 3161 1095 3218 588
1115 3179 1291 3236 „persequa-

268 3264 339 3304 mur
361 3265 444 3305 nunc
467 3246 594 3325 singula,
613 3251 647 3308 ut
666 3248 813 3309 dictorum
832 3252 894 3308 vim
912 3242 1106 3330 reseremus“)
1130 3250 1163 3307 in
1181 3269 1291 3308 vanam
1393 3295 1395 3299 ⁴

270 3354 361 3411 saepe
384 3334 544 3394 verborum
567 3337 759 3397 iactationem
782 3338 960 3414 prolabitur,
985 3340 1050 3413 ipse
1073 3339 1109 3396 de
1132 3339 1213 3396 fama
1236 3357 1293 3397 sua

268 3424 349 3483 male
373 3427 421 3483 est
443 3426 577 3500 meritus,
600 3427 693 3501 peius,
717 3427 831 3503 opinor,
860 3445 950 3502 quam
972 3429 1010 3485 iis
1035 3446 1111 3502 quae
1133 3446 1290 3504 perperam

268 3513 428 3573 intellecta
450 3512 550 3589 inepte
573 3516 797 3590 interpretatur,
815 3517 887 3574 licet
904 3516 1053 3591 permulta
1072 3518 1133 3575 sint
1151 3519 1181 3574 et
1200 3535 1291 3592 quae·

268 3600 340 3660 dnm
359 3603 548 3679 gravissima.
582 3603 676 3662 nihilo
694 3606 795 3664 tamen
818 3607 917 3663 minus
941 3625 990 3665 eos
1015 3606 1066 3680 qui
1088 3608 1121 3663 in
1143 3604 1293 3663 tradenda

268 3689 512 3751 adolescentibus
535 3691 666 3750 Aeneide
693 3696 786 3752 artem
813 3698 923 3772 poetae
952 3696 1106 3758 sectentur
1128 3714 1188 3758 nec
1209 3714 1301 3757 omne

265 3780 398 3837 515ᾱί55
422 3780 457 3832 m
478 3781 684 3849 grammaticis
711 3786 744 3842 51
769 3788 910 3853 metricis
939 3790 1035 3855 rebus
1063 3790 1324 3869 ostentandaque
1408 3853 1419 3883 ¹
