3250 4350
707 429 891 484 Anuamos
910 429 936 483 v
1268 433 1335 497 449

317 619 377 658 non
392 599 507 671 habuit,
522 602 676 674 supererat
690 599 771 658 solus
787 599 958 659 Cloanthus.
984 600 1063 658 hune
1077 600 1198 676 petebat
1213 619 1335 677 sperans

318 688 399 764 quod
422 690 514 747 etiam
536 687 636 763 ipsum
654 689 782 747 transire
800 691 909 763 posset.
947 688 1073 762 denique
1093 691 1137 747 ait
1155 691 1235 748 solus
1252 693 1326 749 ioru-
1337 695 1389 742 225

316 796 372 850 que
394 780 457 851 ipso
479 781 610 849 superest
631 779 665 835 r'u
687 779 746 849 etue
772 777 943 844 Cloanthus,
969 795 1053 850 quern
1071 780 1145 851 petit
1166 782 1193 837 et
1213 781 1337 838 summis

316 868 447 925 artuicus
469 867 583 924 utribus
605 870 695 940 urpet.
741 868 774 923 in
798 865 1004 942 desperatione
1028 869 1181 940 sequentis
1209 867 1336 926 victoria

283 957 385 1029 afuit,
409 957 552 1030 quoniam
575 959 752 1029 consumpta
775 955 877 1031 pelagi
900 956 1000 1032 spatia
1020 956 1140 1014 fuerant
1159 959 1190 1014 et
1207 958 1341 1014 transire·

315 1044 486 1103 volentibus
514 1044 672 1119 prolixitas
699 1043 799 1103 iuerat
826 1044 1006 1118 necessaria,
1039 1045 1070 1101 in
1099 1064 1159 1120 qua
1188 1047 1336 1122 remigum

315 1137 413 1192 virtus
436 1132 579 1208 proficere
602 1134 757 1207 potuisset.
797 1152 857 1192 non
881 1132 977 1191 defuit
999 1136 1100 1191 tamen
1123 1135 1278 1207 instantia,
1301 1138 1335 1192 ut

313 1226 518 1298 opponeretur
545 1241 598 1297 per
625 1222 806 1281 industriam
833 1222 914 1297 quod
942 1225 1074 1280 artatum
1103 1224 1162 1280 iter
1189 1222 1335 1299 angustiis

316 1311 514 1388 pernegabat:
533 1316 596 1368 tum
614 1328 681 1370 uero
699 1312 862 1384 iuperur'uot
879 1313 988 1370 elauror
1007 1314 1157 1384 curruque
1174 1316 1336 1384 sequentem

270 1422 302 1461 ro
316 1403 460 1473 tustieuut
472 1401 578 1459 studiis
591 1404 763 1473 resonatque
776 1401 945 1473 troporibus
963 1401 1067 1459 aether.
1101 1403 1221 1459 conanti
1238 1403 1336 1460 trans·

316 1493 361 1548 ire
380 1491 476 1567 magis
495 1488 618 1547 favebat
636 1491 838 1564 spectantium
856 1489 955 1562 turba,
974 1491 1046 1564 quia
1064 1508 1150 1565 posse
1169 1489 1335 1548 videbatur.

315 1582 419 1637 tantus
449 1580 548 1636 autem
575 1578 678 1654 fragor
700 1578 773 1652 fuit,
801 1581 835 1636 ut
860 1579 926 1653 ipso
950 1579 1069 1638 aethere
1092 1597 1232 1655 percusso
1256 1597 1335 1638 reso-

313 1672 403 1726 naret
425 1686 482 1725 vox
506 1667 618 1742 populi.
655 1685 725 1744 ergo
739 1666 804 1731 hoo
828 1667 1119 1742 studiovspectantes
1143 1668 1334 1726 ducebantur.

316 1758 470 1816 videamus
499 1756 748 1831 quemadmodum
777 1757 957 1814 certantium
986 1759 1071 1832 gesta
1104 1757 1259 1815 describat.
1305 1759 1336 1815 hi

271 1864 301 1906 rr
310 1847 470 1920 proprium
493 1847 579 1904 decus
603 1848 630 1903 et
646 1849 770 1917 portruu
792 1846 988 1918 tudipuoutur
1009 1846 1146 1903 horrorem
1163 1849 1197 1904 ui
1215 1850 1389 1905 taurento

315 1938 462 2007 ritumque
485 1935 585 1992 ootuut
602 1951 660 2006 pro
683 1935 772 1992 laude
790 1935 918 2007 pacisci:
944 1935 996 2007 qui
1018 1933 1117 1992 locum
1140 1937 1268 2009 primum
1291 1939 1335 1994 te-

316 2024 427 2082 nebant
454 2024 533 2081 hunc
562 2042 598 2081 ne
628 2025 801 2081 amitterent
824 2022 1003 2081 laborabant
1025 2025 1128 2097 itaque
1152 2023 1336 2082 ducebantur

314 2114 428 2191 gloria,
455 2116 490 2170 ut
516 2112 593 2170 hanc
622 2112 714 2170 saluti
742 2131 813 2170 suae
838 2114 1062 2188 praesumerent
1084 2112 1334 2188 praeponendam,

315 2205 368 2261 hos
383 2220 539 2260 successus
567 2203 632 2269 ulit,
651 2206 790 2275 possunt,
819 2204 889 2274 quio
911 2219 999 2274 posse
1025 2202 1176 2262 ridentur:
1212 2203 1335 2261 alterins

270 2312 301 2353 ao
315 2293 402 2349 navis
435 2293 529 2364 viros,
566 2292 620 2365 qui
650 2294 781 2365 primum
817 2291 916 2350 locum
952 2292 1121 2365 praeripere
1154 2292 1335 2365 nitebantur,

317 2380 472 2457 erigebant
498 2398 545 2449 res
574 2380 719 2437 secundae
744 2383 773 2437 et
796 2380 935 2438 fortunae
959 2379 1148 2457 suffragium,
1177 2399 1211 2438 eo
1239 2380 1335 2457 magis

316 2469 399 2544 quod
421 2468 599 2527 videbantur
623 2487 712 2527 ausus
736 2487 805 2528 suos
829 2487 915 2543 posse
939 2470 1084 2543 conplere.
1120 2471 1232 2543 quanto
1256 2471 1335 2527 enim

316 2558 515 2626 ludibriosum
539 2560 584 2617 est
606 2560 724 2631 partam
748 2557 876 2634 gloriam
895 2576 910 2615 e
929 2557 1068 2615 manibus
1091 2558 1222 2632 perdere,
1249 2559 1335 2615 tanto

317 2650 364 2706 est
382 2647 545 2724 gloriosum
564 2646 720 2722 adquirere
739 2646 935 2720 desperatam.
972 2650 998 2704 et
1015 2648 1078 2719 fors
1096 2649 1228 2719 aequatis
1247 2650 1336 2720 cepis-

270 2756 300 2797 25
315 2740 381 2795 seut
401 2737 540 2809 praeuia
567 2738 683 2803 restria,
715 2754 801 2809 pares
834 2734 948 2793 scilieet
981 2734 1019 2793 ad
1048 2736 1180 2810 palmam
1208 2736 1335 2794 forsitan

316 2827 483 2898 venissent,
518 2827 551 2882 ui
579 2825 698 2896 pueros
725 2828 816 2897 pouto
853 2825 972 2882 trudeus
1003 2828 1142 2897 utrasque
1176 2824 1336 2883 Cloanthus

315 2914 495 2987 fudissetque
513 2931 615 2986 preces
638 2915 774 2985 dirosque
793 2916 825 2970 r'u
844 2917 910 2971 eota
928 2917 1064 2981 uocasset,
1087 2915 1146 2972 nisi
1169 2914 1335 2987 victoriam,

317 3021 395 3078 quae
422 3005 543 3077 utrique
570 3005 671 3078 posset
699 3020 761 3061 esse
790 3002 968 3075 communis,
998 3003 1200 3077 praevenisset
1229 3002 1335 3061 Cloan-

315 3093 389 3150 thus
411 3092 547 3165 precibus
572 3091 632 3149 suis
652 3094 683 3149 et
701 3091 886 3166 supplicibus
905 3090 1041 3150 manibus
1061 3091 1130 3149 deos
1151 3092 1335 3150 adhibuisset

270 3202 300 3243 so
315 3184 350 3239 in
373 3185 454 3238 vota.
495 3180 568 3237 haee
591 3179 787 3255 praedicendo
811 3179 943 3239 ostendit
965 3183 1054 3254 poeta
1078 3178 1184 3255 ipsum
1199 3183 1335 3238 futurum

316 3287 380 3328 esse
408 3271 559 3327 victorem.
606 3271 662 3337 dii,
690 3270 795 3342 quibus
821 3270 977 3340 imperium
1000 3273 1042 3327 est
1060 3271 1174 3343 pelopi,
1202 3273 1388 3342 quoruru235

315 3375 446 3431 aequora
469 3375 563 3425 curre,
587 3360 667 3415 robis
689 3357 782 3416 taetus
806 3374 869 3430 eoo,
891 3358 948 3416 hoc
971 3361 1017 3417 est
1039 3360 1066 3417 si
1088 3358 1184 3417 laetus
1207 3358 1243 3416 de
1267 3377 1334 3433 pro-

390 3533 405 3580 8
425 3534 605 3595 oppoueretur
623 3526 674 3579 LR
693 3526 736 3580 ed.
756 3528 939 3581 obtineretur?
1027 3531 1060 3579 14
1079 3526 1220 3579 uidemus
1238 3527 1291 3580 LR
1309 3544 1333 3581 u.

314 3616 393 3653 uuuc
412 3599 454 3651 ed.
476 3600 480 3667 Ι
505 3604 579 3667 qesta
598 3598 650 3650 th
667 3598 745 3664 foetu
763 3597 807 3652 ed.
882 3602 914 3651 17
934 3615 1003 3667 uque
1021 3597 1074 3649 th
1092 3604 1173 3670 atque
1189 3597 1232 3650 10
1252 3615 1335 3666 eaque

314 3670 374 3724 ΗΠ
395 3669 437 3722 ed.
457 3672 549 3738 itaque
567 3685 627 3722 nos.
701 3675 735 3723 23
755 3670 935 3724 ludibriosum
953 3669 1005 3721 LR
1024 3670 1189 3723 laboriosum
1210 3667 1233 3721 U
1252 3669 1296 3722 ed.

315 3748 352 3795 24
372 3742 518 3809 coepissent
536 3739 596 3793 LR.
670 3746 703 3795 29
718 3742 866 3809 praecibus
887 3742 985 3808 suisset
1003 3739 1055 3792 LR
1075 3741 1165 3807 precis
1186 3740 1304 3806 sudasset
1322 3757 1336 3792 r

307 3813 443 3883 precihus
460 3813 518 3866 suis
536 3818 562 3865 et
579 3810 666 3865 HOU
685 3811 727 3865 ed.
802 3817 834 3865 31
855 3818 893 3865 est
911 3827 965 3865 om:
980 3810 1023 3864 ed.

372 3912 431 3952 Dcn.
446 3911 540 3959 interpr.
555 3911 621 3961 Verg.
645 3911 690 3951 vol.
704 3911 722 3951 L
1092 3904 1130 3953 ‘23
