3250 4350
557 500 560 506 ,
666 441 889 498 PROOEMIUM
1265 445 1287 509 5

265 611 341 670 locis
365 613 495 686 exempli
518 630 608 670 causa
631 608 800 688 posuimuS,
824 615 919 671 artem
942 611 1061 671 dicendi
1082 612 1288 688 plenissimam

265 699 494 760 demonstrabit.
541 703 643 761 amato
672 720 748 775 eum,
776 703 830 777 qui
855 702 1020 761 multorum
1045 701 1288 778 diversorumque

266 790 382 864 scripta
404 790 565 865 conplexus
589 794 642 865 est,
665 791 723 848 erit
745 808 854 865 operae
876 792 1007 866 pretium
1029 810 1090 850 non
1113 810 1212 850 errare
1234 811 1289 867 per

267 879 428 953 plurimos3
461 881 492 936 et
514 880 541 937 si
562 879 596 939 id
618 879 763 954 placebit,
790 879 928 939 laudabis
951 898 1019 939 eum
1042 881 1091 938 cui
1112 880 1201 939 licuit
1222 879 1288 938 uni·

240 985 354 1027 eversa
381 985 568 1042 percurrere,
596 970 651 1043 qui
677 987 708 1027 se
731 966 866 1027 diversae
888 969 1081 1043 professionis
1104 971 1134 1027 et
1157 969 1286 1030 diversa-

268 1075 335 1113 rum
358 1056 557 1116 sectatoribus
581 1059 692 1116 artium
712 1056 885 1116 benivolum
902 1057 1041 1133 praebuit
1058 1057 1287 1133 peritissimum-

268 1163 327 1219 que
354 1145 514 1204 doctorem.
560 1145 652 1206 habet
678 1146 805 1220 denique
834 1166 869 1204 ex
896 1165 931 1205 eo
958 1150 1053 1205 nauta
1079 1147 1159 1222 quod
1192 1146 1289 1207 discat

266 1236 299 1291 in
333 1233 499 1293 officiorum
531 1236 662 1310 ratione,
694 1235 807 1294 habent
837 1235 918 1310 quod
944 1237 1101 1294 imitentur
1128 1239 1228 1312 patres
1258 1240 1289 1295 et

266 1322 337 1398 filii,
365 1325 469 1382 mariti
497 1327 527 1383 et
549 1344 667 1398 uxores,
691 1326 856 1400 imperator
878 1327 909 1383 et
931 1325 1030 1398 miles,
1059 1326 1132 1384 civis
1156 1327 1287 1401 optimus

227 1433 253 1471 ro
266 1417 297 1471 et
321 1413 441 1488 patriae
464 1415 699 1487 spectatissimus
723 1414 829 1486 cultor,
858 1414 891 1472 in
913 1413 1066 1473 laboribus
1089 1413 1288 1489 periculisque

266 1501 452 1578 reipublicae
476 1503 624 1577 optimum
647 1521 794 1578 quemque
818 1504 849 1560 et
872 1502 952 1577 apud
975 1522 1043 1562 suos
1071 1502 1201 1578 primum
1227 1503 1287 1561 for-

265 1594 356 1648 tunas
391 1593 422 1648 et
453 1591 580 1649 salutem
613 1610 698 1650 suam
731 1591 837 1649 debere
872 1594 1067 1650 contemnere.
1113 1593 1287 1668 magisterio

266 1681 331 1738 eius
364 1681 475 1738 instrui
506 1683 632 1754 possunt
664 1680 716 1755 qui
748 1698 779 1739 se
812 1682 920 1754 aptant
951 1680 990 1740 ad
1022 1680 1143 1739 deorum
1173 1680 1287 1741 cultum

264 1769 430 1842 futuraque
458 1768 614 1827 noscenda.
659 1769 708 1826 hic
735 1768 848 1827 habent
874 1768 1054 1828 imitandam
1081 1769 1200 1828 laudem
1233 1771 1288 1845 qui

227 1877 251 1916 rs
265 1858 398 1915 inlaesas
427 1857 576 1915 amicitias
605 1861 720 1932 amant,
750 1857 863 1916 habent
893 1877 984 1933 quam
1015 1861 1152 1917 metuant
1184 1861 1286 1917 notam

265 1947 318 2020 qui
351 1945 433 2003 fluxa
464 1945 522 2005 fide
553 1949 606 2005 aut
639 1949 768 2006 amicum
796 1946 959 2005 fefellerint
991 1949 1044 2005 aut
1076 1949 1286 2022 propinquum.

264 2035 353 2094 docet
381 2035 484 2109 quales
512 2053 576 2094 esse
604 2035 731 2095 debeant
757 2037 892 2094 homines
920 2055 1046 2110 quorum
1075 2036 1227 2111 praesidia
1254 2038 1286 2095 in

264 2123 495 2183 necessitatibus
523 2125 727 2200 postulantur,
755 2144 792 2184 ne
821 2125 1016 2203 adrogantiae
1040 2127 1094 2185 aut
1116 2125 1285 2184 inhumani-

265 2216 340 2273 tatis
360 2216 472 2287 crimen
490 2216 659 2289 incurrant3
678 2234 738 2273 non
757 2215 997 2289 erubescendum,
1011 2216 1038 2273 si
1051 2217 1152 2291 potior
1164 2216 1285 2274 inferio·

229 2320 328 2361 sorem
361 2306 461 2381 roget,
499 2323 565 2362 oum
597 2304 689 2362 fuerit
720 2305 911 2363 necessarius.
961 2307 1111 2380 postremo
1144 2305 1285 2379 quoniam

266 2410 326 2450 non
350 2411 507 2467 possumus
530 2393 724 2452 Maronianae
748 2394 870 2452 virtutis
894 2394 995 2451 omnia
1017 2396 1140 2451 narrata
1167 2410 1286 2468 percur-

267 2499 344 2554 rere,
372 2482 502 2557 exempli
529 2501 617 2541 causa
645 2483 705 2539 ista
733 2481 841 2540 dixisse
867 2481 1004 2541 sufficiat.
1054 2481 1173 2540 facilius
1205 2483 1286 2539 enim

268 2573 366 2628 cetera
389 2569 516 2646 legendo
540 2574 570 2629 et
588 2570 801 2630 considerando
820 2572 958 2646 reperies
977 2571 1003 2629 si
1022 2570 1175 2646 praedicta
1192 2570 1284 2629 fueris

270 2658 434 2717 adsecutus.
482 2660 582 2717 omnia
609 2662 689 2719 certe
714 2678 791 2733 quae
822 2677 857 2717 ex
885 2678 919 2717 eo
947 2678 1026 2718 nunc
1053 2659 1189 2734 adripere
1220 2659 1284 2734 pla-

237 2750 337 2820 cauit,
360 2750 423 2807 suis
446 2747 613 2823 quibusque
636 2748 710 2808 locis
733 2748 910 2823 explicando
933 2748 1137 2807 tractabimus.

332 2836 401 2896 Nec.
419 2839 450 2895 te
473 2836 649 2912 perturbent
671 2839 869 2911 inperitorum
891 2838 940 2896 vel
963 2838 1196 2896 obtrectatorum
1210 2838 1283 2895 Ver·

271 2926 374 3002 p'liani
410 2927 551 2985 carminis
587 2944 673 2985 voces
710 2927 858 2986 inimicae.
911 2929 972 2985 scio
1010 2927 1090 2984 enim
1125 2926 1284 2985 nonnullos

272 3016 445 3073 calumniari
468 3014 548 3089 quod
572 3016 733 3074 sententias
757 3033 826 3074 suas
849 3016 1000 3093 Vergilius
1027 3016 1111 3074 velut
1134 3017 1285 3073 contraria

273 3104 421 3162 sentiendo
440 3103 592 3163 dissolvat.
632 3106 665 3162 in
688 3104 725 3162 iis
749 3106 861 3180 quippe
884 3105 1074 3180 reperiuntur
1097 3106 1149 3179 qui
1171 3104 1284 3162 relictis

247 3192 430 3269 uperspicuis
457 3192 546 3252 rebus
569 3194 755 3270 argumentis
778 3193 874 3251 velint
896 3194 1047 3251 contraria
1068 3193 1134 3269 ipsa
1156 3192 1284 3268 firmare,

275 3284 357 3357 atque
380 3281 427 3339 ita
450 3281 668 3341 adsertionibus
693 3282 753 3341 suis
777 3282 938 3340 ostendunt
961 3301 1023 3341 sese
1048 3282 1084 3340 ab
1107 3301 1177 3340 vero
1195 3282 1283 3339 intel·

337 3474 352 3522 2
372 3486 434 3523 eum
452 3469 505 3522 LIt
524 3486 552 3523 eo
571 3469 614 3522 ed.
689 3475 723 3522 10
743 3470 932 3538 laboribusque
951 3470 993 3523 ed.
1011 3470 1210 3539 {periculisque
1229 3484 1284 3523 on.

276 3539 311 3592 ed.
398 3545 432 3592 14
451 3542 494 3596 bii
511 3539 563 3593 LIt
586 3542 630 3596 bic
648 3540 690 3594 ed.
784 3547 817 3595 lo
833 3541 1061 3609 propinquumL
1085 3541 1128 3595 ed.
1145 3541 1284 3609 propinus

276 3625 327 3665 cum
340 3612 372 3666 a.
426 3616 460 3665 20
474 3613 709 3667 necessariusLR
723 3612 861 3681 (cf.1‚64)
875 3614 1058 3667 neceesarium
1072 3611 1115 3665 ed.
1167 3617 1199 3664 21
1216 3628 1283 3665 uur-

276 3687 330 3737 reu
347 3682 402 3736 LR
423 3690 571 3737 numeratu
594 3685 637 3737 ed.
730 3690 764 3737 24
787 3702 821 3738 eac
839 3700 931 3738 eorum
949 3683 1002 3736 LR
1024 3700 1058 3737 ex
1075 3684 1114 3736 eis
1132 3683 1175 3736 cd.
1202 3699 1235 3736 eu
1252 3698 1283 3735 eo

276 3767 341 3808 uuae
356 3770 417 3808 nos.
494 3758 526 3806 27
547 3756 620 3807 euim
638 3772 691 3809 om.
712 3757 753 3809 ed.
825 3753 1283 3821 acdusolratLR·vued.1iu

276 3820 319 3877 bll.
335 3826 378 3881 lu's
397 3825 441 3879 ed.
503 3830 535 3878 31
556 3827 793 3881 adsertiouibusL
812 3825 1046 3880 insertiouiluslt
1064 3824 1220 3891 fictionibus
1238 3824 1288 3879 ed.
