3250 4350
707 415 889 471 AENEIDOS
908 416 947 471 VI
1269 416 1335 482 613

317 584 374 660 qui
405 584 500 643 futuri
532 586 617 643 erant
648 595 755 643 eorum
783 585 904 661 posteri.
954 586 1062 661 nolite,
1093 587 1209 661 inquit,
1240 587 1336 661 pueri,

318 665 442 752 (pueros
465 673 575 732 ideireo
599 673 740 747 arbitror,
769 674 842 750 quia
863 674 1067 750 uuusquisque
1089 694 1158 733 mox
1181 677 1216 733 ut
1238 677 1343 735 nasci*

317 765 371 820 tur
402 781 476 837 puer
507 765 565 837 est,
597 763 668 821 lieet
698 764 731 821 in
762 764 862 838 ipsum
898 764 1054 840 longaevi·
1073 764 1202 824 hominia
1234 764 1335 823 anima

318 852 479 910 transitum
502 852 604 926 faeiat,
628 855 658 910 et
679 852 731 911 isti
753 855 833 912 reete
857 854 952 929 pueri,
976 852 1118 928 quoniam
1144 853 1177 913 in
1204 855 1336 912 aetatem

270 959 301 1004 ‚ze
318 939 464 1015 puerilem
490 941 610 999 fuerant
636 933 783 1022 venturi),
816 941 860 1000 ait
888 960 958 1018 ergo
986 942 1094 1014 nolite,
1125 941 1224 1016 pueri,
1256 942 1334 1000 male

319 1027 505 1104 adsuescere,
537 1048 597 1088 non
629 1029 749 1104 expedit
780 1032 816 1089 ut
846 1030 922 1090 talia
953 1029 1032 1090 bella
1064 1049 1166 1108 gerere
1203 1030 1334 1104 discatis,

318 1137 379 1176 non
401 1117 434 1176 iu
457 1136 512 1177 sua
534 1119 649 1178 viscere
672 1119 779 1179 debent
798 1137 882 1178 arma
896 1118 1034 1179 eonverti
1052 1137 1129 1195 quae
1149 1119 1262 1197 geritis,
1280 1139 1335 1179 nee

319 1205 357 1264 ab
380 1206 516 1266 hostibus
538 1209 571 1266 in
594 1209 668 1268 civis
691 1227 758 1267 aum
782 1207 891 1268 scelere
913 1209 1056 1268 revocari.
1102 1209 1260 1268 eonsilium
1283 1208 1335 1268 dat

318 1296 476 1356 ostendeus
508 1296 580 1372 quid
612 1297 757 1373 prohibiti
789 1296 826 1355 ab
860 1296 977 1356 actibus
1003 1297 1133 1357 inimicis
1159 1298 1258 1356 faeere
1285 1297 1335 1366 de·

270 1405 302 1449 ro
318 1385 465 1459 buissent,
492 1387 605 1459 proice,
636 1388 748 1462 iuquit,
777 1387 834 1445 tela
860 1405 966 1455 mana,
992 1388 1115 1460 sanquis
1141 1404 1231 1445 meae.
1276 1387 1389 1447 illeille

318 1476 500 1548 triumphata
528 1473 676 1548 Capitalia
703 1477 743 1535 acl
770 1475 848 1535 alla:
884 1474 923 1547 ad
954 1476 1018 1534 alta
1046 1474 1196 1550 Capitolia
1226 1475 1259 1534 id
1290 1480 1335 1535 est

318 1581 429 1640 magna
455 1563 504 1623 vel
531 1565 563 1622 in
591 1564 688 1623 altum
716 1565 819 1636 duola,
850 1564 1037 1640 triumphata
1068 1563 1144 1623 dixit
1174 1564 1335 1641 triumphis

319 1655 434 1711 ornata.
483 1651 619 1712 Oariatao
646 1655 737 1713 vietor
764 1658 829 1728 apel
855 1671 973 1721 carrae,
1001 1653 1057 1712 hoe
1082 1655 1128 1712 est
1150 1672 1168 1713 a
1192 1653 1334 1713 Corintho

317 1743 416 1799 viator
438 1759 542 1802 currus
558 1740 661 1816 duret,
684 1744 738 1800 aut
758 1761 833 1818 quos
852 1743 965 1817 captivi
982 1743 1137 1801 traherent
1155 1748 1208 1800 aut
1227 1742 1335 1818 quibus

271 1853 303 1895 ιε,
316 1831 384 1905 ipse
411 1831 575 1890 veheretur.
622 1833 713 1891 camis
739 1833 866 1906 insipere
892 1828 1026 1898 Aablois,
1056 1834 1136 1890 muel
1161 1833 1210 1890 illa
1236 1829 1335 1906 Arpos

317 1917 623 1994 Aaaenemaoniaeqae
645 1920 789 1994 Mycenas
810 1923 964 1993 ipsumque
985 1917 1148 1987 Aeacideia,
1170 1938 1263 1995 aenae
1286 1939 1335 1979 ar·

317 2008 480 2081 mipoleatie
506 2007 630 2076 Achilli,
659 2010 739 2068 allice
768 2026 839 2068 avae
869 2009 974 2068 Troiae
1000 2010 1106 2080 templa
1134 2013 1160 2068 et
1187 2013 1326 2068 temerata
1335 2013 1388 2062 840

318 2097 488 2156 Minervae:
510 2101 657 2174 quantum
679 2097 722 2156 fili
746 2097 860 2158 animos
883 2097 989 2157 refecit
1010 2097 1212 2172 promittendo
1230 2097 1333 2156 interi·

318 2189 384 2245 tum
416 2184 559 2246 Graeciae
596 2190 626 2247 et
662 2188 807 2247 ultionem
843 2186 1015 2265 spondendo
1053 2187 1177 2245 Troiani
1213 2186 1334 2246 excidii!

273 2297 303 2338 ao
317 2278 384 2349 aaa
416 2280 455 2344 le,
486 2294 591 2351 maana
621 2275 706 2345 Oula,
739 2279 860 2338 tacitum
890 2281 944 2336 aul
974 2280 1014 2345 te,
1043 2275 1142 2344 Oosse,
1169 2278 1335 2350 relinquat?

291 2367 385 2437 ‘qais
409 2363 535 2424 Graoebi
559 2383 652 2438 peliae
679 2370 731 2424 aul
755 2368 899 2440 aemiliae,
926 2366 984 2425 aluo
1010 2365 1140 2439 fulanam
1167 2365 1247 2434 belli,
1274 2364 1335 2425 Sai-

312 2454 435 2526 piaolas,
462 2455 574 2514 olaalem
600 2454 727 2529 libyae,
749 2473 902 2529 paruoque
923 2458 1067 2529 putealem
1090 2455 1264 2513 Fabricium
1290 2455 1335 2513 vel

317 2546 344 2601 le
371 2542 463 2612 euleu,
486 2542 627 2612 Serrana,
654 2545 813 2605 saraiam?
858 2562 960 2603 omnes
987 2545 1040 2603 isti
1063 2542 1187 2602 diversis
1211 2542 1335 2618 artibus,

318 2633 433 2691 meritis
462 2651 579 2709 quoque
607 2635 638 2691 et
665 2632 776 2693 virtute
802 2633 980 2708 floruerunt,
1013 2650 1088 2708 quos
1116 2632 1269 2708 Vergilius
1297 2642 1336 2692 'ex

274 2741 303 2783 aa
318 2738 446 2796 persona
460 2722 599 2781 Anchisia
618 2720 692 2779 dioit
709 2741 770 2780 nou
789 2740 852 2781 esse
870 2720 1150 2796 praetermittendos
1169 2723 1199 2779 et
1212 2724 1336 2797 propter

318 2810 460 2886 exempla
476 2812 591 2886 optima
608 2809 768 2870 tradendos
786 2812 946 2870 memoriae
964 2813 1159 2885 posterorum.
1193 2828 1249 2884 qao
1267 2812 1387 2884 fes-‚845

317 2916 385 2957 swm
416 2900 535 2973 rapitis,
562 2898 674 2959 Fabii?
720 2898 814 2958 voluit
842 2902 872 2958 et
900 2898 1008 2959 Fabios
1036 2898 1252 2974 demonstrare,
1283 2902 1336 2975 qui

317 2987 539 3048 futuriressent
557 2988 590 3045 in
612 3006 735 3047 numero
758 2987 919 3063 nobilium,
942 2988 993 3046 sed
1016 2988 1180 3066 longaevus
1202 2987 1335 3047 taedium

318 3076 492 3152 patiebatur
514 3076 695 3136 ambulandi.
732 3080 764 3134 la
781 3077 937 3137 Marinus
958 3078 1007 3136 ille
1031 3094 1069 3145 eo,
1086 3095 1165 3136 ureae
1183 3080 1235 3150 qui
1252 3078 1336 3136 iobis

274 3185 304 3226 eo
319 3165 482 3226 autmundo
508 3167 637 3226 restituis
663 3183 740 3225 rem:
770 3165 819 3223 hio
847 3166 900 3224 diu
926 3165 1084 3225 tractando
1112 3168 1143 3224 ot
1171 3167 1335 3225 consultius

318 3254 482 3313 differendo
514 3254 591 3312 male
624 3258 709 3331 gesta
741 3255 876 3314 correxit.
930 3256 1068 3314 mandem
1099 3254 1152 3313 alil
1187 3257 1337 3328 spirantia

392 3443 494 3496 4reoti
511 3441 537 3494 V
554 3447 622 3497 reete
641 3441 684 3496 ed.
701 3444 705 3511 Ι
722 3459 804 3511 quam
820 3440 846 3495 V
864 3444 995 3511 quoniam
1013 3440 1056 3494 ad.
1113 3442 1249 3509 (lampetii
1266 3441 1299 3495 V.

320 3518 354 3566 10
373 3528 474 3567 marrae
492 3519 517 3567 et
533 3514 649 3583 saepae
666 3511 700 3567 V.
779 3517 811 3567 18
831 3530 930 3568 aureae
947 3511 973 3566 V
991 3529 1103 3567 carram
1121 3511 1249 3580 plerique
1268 3512 1336 3566 Ver-

317 3581 430 3653 giliani.
505 3589 538 3638 15
557 3585 646 3638 eaeoie
663 3600 714 3653 pro
733 3585 819 3639 amaia
836 3583 870 3639 V.
940 3588 972 3637 17
992 3590 1017 3638 et
1035 3584 1100 3652 poet
1118 3583 1219 3651 templa
1237 3598 1290 3636 om.
1301 3583 1334 3637 V.

357 3660 390 3709 18
409 3655 453 3721 fili
470 3656 578 3710 animoa
595 3654 621 3707 V
638 3656 693 3722 filii·
710 3657 835 3710 animam
853 3656 897 3710 ed.
957 3660 990 3708 22
1010 3654 1101 3709 eladae
1119 3653 1162 3709 ed.
1228 3659 1262 3707 23
1281 3655 1337 3708 eal·

317 3742 484 3850 eosaelmnl?
506 3724 539 3779 V.
629 3732 665 3781 ¹24
688 3742 792 3796 qaoque
820 3742 876 3783 om.
894 3725 942 3783 eu.
1031 3730 1071 3779 ‘ab
1098 3725 1240 3780 Auebieoe
1266 3722 1318 3772 eu„

316 3803 349 3849 31
400 3797 437 3849 τῖε
480 3837 486 3848 ,
832 3804 835 3808 “
