3250 4350
572 490 574 494 ,
682 425 896 480 laueruosr
1254 425 1294 489 91

276 598 376 654 victus
396 613 513 670 semper
532 596 746 669 copiosissima.
779 598 817 669 et,
838 597 909 670 quia
927 596 985 655 hoe
1003 595 1121 672 signum
1140 595 1297 654 constabat

276 685 401 744 Iunonis
425 684 567 761 suffragio
592 685 840 758 demonstratum,
863 686 922 754 bie,
945 684 1057 759 inquit,
1084 686 1221 757 templum
1241 685 1296 747 Iu-

275 776 350 832 uoree'
377 775 478 847 tepens
501 773 626 832 Sidonio
648 774 728 832 Dido
756 774 902 832 condebat
949 773 1085 849 oportuit
1107 774 1187 830 enim
1210 773 1296 831 deam

276 863 307 920 in
337 881 372 920 eo
400 863 467 920 loco
495 862 603 920 habere
632 862 871 922 honestissimam
895 863 994 922 sedem
1016 865 1048 920 in
1072 881 1130 937 quo
1154 863 1296 921 virtutem

249 970 349 1013 esuae
382 952 549 1010 maiestatis
582 951 760 1010 ostenderat.
807 951 965 1024 condebat,
1001 951 1114 1027 inquit,
1151 951 1297 1026 templum

275 1040 358 1098 Dido
386 1043 429 1113 et,
458 1059 525 1098 cum
552 1041 684 1100 nondum
711 1042 898 1117 perfecisset,
925 1043 1013 1099 tanta
1039 1043 1101 1099 iarn
1128 1042 1296 1102 reverentia

275 1129 445 1204 colebatur,
477 1133 512 1188 ut
539 1133 569 1188 et
596 1129 681 1188 donis
710 1130 949 1204 copiosissimum
976 1133 1054 1189 esset
1080 1132 1112 1188 et
1142 1129 1198 1187 dea
1230 1131 1296 1203 ipsa

274 1237 418 1294 praesens
442 1237 504 1277 esse
524 1219 704 1278 crederetur:
728 1222 886 1293 propterea
905 1220 1006 1293 posuit
1025 1221 1111 1277 donis
1129 1218 1295 1291 opulentum

275 1312 302 1366 et
338 1309 460 1366 camiac
496 1309 593 1376 dicae,
631 1325 718 1366 ceree
750 1310 797 1367 eui
827 1309 971 1382 proditus
1001 1308 1160 1381 serpebant
1191 1309 1296 1366 limine

230 1420 261 1459 ro
274 1414 424 1469 ecxeeque
448 1414 514 1455 cere
537 1399 641 1465 trabes,
664 1398 778 1470 foribus
801 1398 889 1455 cordo
912 1399 1053 1456 stridebat
1076 1399 1167 1455 cente.
1208 1415 1295 1456 omne

274 1486 332 1544 hoc
362 1485 546 1560 opulentiam
574 1489 605 1545 et
632 1485 821 1546 devotionem
849 1485 1003 1545 condentis
1032 1485 1163 1544 ostendit
1190 1487 1220 1543 et
1242 1503 1295 1560 po·

273 1575 405 1633 tentiam
427 1575 475 1632 vel
497 1577 638 1633 meritum
660 1577 799 1634 numinis.
840 1576 893 1634 eoo
908 1578 1043 1646 primum
1065 1577 1099 1634 ie
1122 1576 1185 1633 luce
1208 1577 1348 1632 cece450

274 1682 322 1722 res
346 1665 445 1721 oblatu
468 1666 598 1723 timorem
621 1664 710 1732 leniit,
733 1666 780 1722 bie
801 1667 935 1736 primum
957 1663 1075 1722 Aeneas
1101 1682 1220 1737 sperare
1248 1682 1295 1722 sa·

275 1754 366 1810 tutem
389 1771 482 1811 ausus
506 1757 532 1811 et
553 1754 678 1824 adflictis
700 1749 807 1812 melius
830 1753 974 1824 confidere
996 1754 1096 1811 rebus:
1129 1771 1221 1829 genus
1250 1756 1295 1810 est

236 1866 262 1903 re
276 1843 504 1917 propositionis3
527 1842 662 1901 dicturus
687 1845 732 1901 est
755 1842 834 1900 enim
858 1841 930 1917 quid
952 1842 1071 1914 viderit,
1094 1842 1171 1899 unde
1195 1861 1294 1917 spera-

276 1932 355 1990 verit
379 1930 495 2006 aliquid
518 1930 597 2004 boni,
616 1931 696 1989 unde
719 1934 816 1990 metus
840 1932 903 1989 eius
927 1931 1038 1990 lenitus
1058 1931 1105 1991 sit.
1140 1950 1200 1989 non
1219 1931 1296 1988 dixit

275 2021 354 2079 unde
378 2039 498 2079 securus
521 2021 562 2078 sit
584 2019 728 2093 redditus,
747 2019 797 2078 sed
820 2019 898 2077 unde
921 2021 1013 2078 timor
1031 2020 1095 2078 eius
1113 2020 1294 2094 inminutus3

276 2109 368 2167 semel
393 2110 472 2166 enim
495 2111 577 2168 totus
601 2108 684 2166 eradi
707 2126 766 2167 non
789 2111 897 2185 potuit.
937 2129 1015 2168 nova
1039 2128 1086 2167 res
1110 2108 1220 2184 oblata,
1239 2108 1295 2167 hoc

276 2204 320 2258 est
345 2200 450 2258 contra
473 2217 555 2274 spem
573 2201 651 2273 visa,
675 2200 787 2274 quippe
806 2202 870 2257 eius
889 2199 983 2258 oculis
1002 2202 1089 2257 tanta
1107 2217 1175 2275 spes
1194 2218 1295 2257 occur·

239 2308 265 2347 ro
277 2291 358 2347 rerat
373 2289 427 2362 qui
440 2289 530 2362 paulo
550 2291 619 2347 ante
638 2288 739 2347 omnia
757 2287 883 2348 vidisset
900 2288 1032 2362 deserta3
1055 2289 1104 2347 vel
1121 2288 1189 2346 ideo
1208 2307 1295 2360 nova,

277 2380 349 2453 quia
372 2376 494 2435 videbat
516 2376 579 2435 illic
602 2378 684 2452 picta
708 2376 831 2436 Troiani
853 2376 924 2434 belli
947 2395 1176 2454 pugnarumque
1200 2379 1294 2435 certa·

277 2468 366 2525 mina.
414 2466 519 2540 incipit
550 2467 613 2531 iam
644 2466 765 2524 reddere
798 2468 959 2539 rationem,
991 2469 1027 2524 ut
1057 2466 1195 2525 ostendat
1224 2466 1296 2540 quid

276 2555 353 2612 illud
381 2555 473 2613 fuerit
500 2555 579 2630 quod
606 2554 738 2613 leniebat
760 2554 879 2613 Aeneae
903 2558 1015 2613 metum
1039 2558 1069 2613 et
1092 2573 1174 2629 spem
1198 2556 1295 2629 inopi·

276 2663 346 2702 nam
365 2643 569 2719 promittebat.
605 2661 733 2717 eamque
750 2646 804 2701 seb
822 2646 932 2716 tepenti
955 2644 1062 2702 lustret
1083 2646 1155 2702 deun
1176 2644 1295 2717 stapulo

245 2732 380 2807 retempto
403 2734 536 2805 repe‘ecm
557 2735 718 2805 opperiens,
742 2734 812 2791 dum
836 2752 910 2807 quac
932 2736 1054 2807 fortuna
1072 2735 1111 2791 sit
1127 2734 1195 2791 urbi
1213 2735 1284 2791 arti·
1295 2735 1347 2783 455

274 2825 421 2893 ficumque
456 2839 563 2879 manus
599 2824 675 2881 ieter
710 2839 741 2884 oe
778 2840 953 2895 operumque
988 2824 1117 2881 laborem
1152 2824 1294 2880 miratur:

274 2915 379 2970 tuetur
401 2910 451 2967 hic
473 2910 597 2969 Aenean
619 2910 781 2987 Vergilius,
804 2931 841 2970 ne
864 2911 1003 2969 inanibus
1028 2914 1133 2986 captus
1156 2911 1294 2969 videatur

273 3000 455 3060 remansisse
483 3019 571 3073 quem
599 3004 778 3058 convenerat
805 3000 934 3059 reditum
963 3004 1113 3059 maturare
1137 3000 1175 3057 ad
1199 3000 1293 3058 socios

272 3108 343 3149 suos
369 3106 424 3147 nec
442 3089 568 3147 ulterius
585 3088 741 3150 inlecebris
761 3091 859 3147 teneri
876 3089 1031 3147 felicitatis
1050 3090 1174 3147 alienae.
1211 3108 1293 3146 nam-

238 3185 341 3254 toque,
366 3178 475 3252 inquit,
500 3176 554 3235 sub
577 3178 693 3255 ingenti
714 3178 826 3236 lustrat
848 3179 919 3236 dum
942 3178 1063 3256 singula
1084 3178 1197 3253 templo
1216 3179 1293 3255 regi-

271 3288 344 3327 nam
375 3268 544 3342 opperiens:
578 3283 645 3326 ecce
673 3267 748 3324 dixit
775 3285 867 3325 unam
895 3270 926 3324 et
952 3269 1149 3325 necessariam
1173 3285 1293 3325 causam

271 3356 410 3434 reginam
442 3356 612 3430 opperiens,
646 3375 739 3430 quam
770 3355 923 3431 sperabat,
954 3359 989 3414 ut
1021 3357 1135 3414 factum
1168 3359 1225 3428 est,
1255 3356 1293 3413 ad

271 3464 365 3522 opera
385 3444 514 3503 videnda
530 3463 746 3519 processuram,
761 3464 795 3502 ex
815 3446 870 3503 hac
887 3448 987 3503 autem
1002 3447 1154 3504 occasione
1170 3444 1293 3501 circum·

347 3605 361 3651 1
383 3598 451 3665 quie
470 3613 523 3650 om.
538 3596 582 3652 ed,
638 3601 653 3648 9
672 3597 782 3650 concine
797 3596 822 3648 R
836 3613 904 3649 corr.
920 3614 941 3649 r.
997 3602 1027 3649 11
1048 3596 1164 3649 ostendit
1178 3594 1230 3646 th
1249 3595 1292 3647 de-

270 3668 462 3725 monstrated.
510 3673 543 3721 15
553 3667 765 3735 quidLuncel
774 3668 818 3722 ed.
865 3666 1107 3723 lesitbltested.
1153 3671 1188 3720 ‘23
1203 3666 1297 3734 sacret

271 3742 324 3795 th
339 3740 385 3795 ed.
400 3740 488 3805 fuerit
501 3754 559 3793 nos.
610 3743 641 3791 31
658 3755 741 3791 unam
755 3738 848 3793 eree
861 3746 888 3795 et
901 3740 1012 3797 omed.
1063 3747 1098 3798 33
1113 3756 1312 3813 processuram

270 3820 301 3865 nt
314 3828 377 3864 cerm
385 3812 456 3874 poet
465 3809 604 3861 oeeaabne
617 3808 745 3878 interpol.
757 3811 800 3864 ed.
861 3820 897 3870 33
906 3821 1016 3883 -ι92,1
1033 3817 1263 3876 circumtulisset
1277 3810 1328 3868 ed.
