3250 4350
660 414 845 470 AENEIDOS
861 415 889 469 11
1219 415 1283 480 217

264 587 439 642 sacraverat
464 583 595 643 foedarit
620 585 767 661 sanguine
793 603 857 644 suo.
902 587 1006 643 tenent
1027 585 1127 644 Danai
1152 605 1213 661 qua
1235 585 1286 643 de·

218 663 222 668 ’
263 672 331 731 ficit
351 672 446 749 ignis:
468 691 529 733 non
552 673 629 732 dixit
650 677 754 733 tenent
771 673 872 732 Danai
893 692 954 750 qua
971 673 1051 751 ignis
1069 693 1130 733 non
1147 675 1215 749 fnit,
1233 674 1286 734 sed

230 757 233 762 ’
265 781 328 838 qua
360 760 472 836 deficit,
503 766 540 821 ut
565 763 735 823 ostenderet
761 764 863 822 omnia
889 765 952 821 iam
978 763 1071 822 fuisse
1100 767 1285 840 consumpta.

263 851 347 928 ignis
375 851 456 909 enim
481 851 535 910 ubi
560 851 699 936 babuerit
720 851 802 928 quod
825 852 976 927 absumat,
998 854 1096 929 riget,
1119 852 1285 929 absumptis

236 942 370 1000 sautem
396 939 506 1015 quibus
531 940 721 1000 nutriebatur
747 945 779 1000 et
805 940 927 1020 vigebat
958 941 1059 1000 valere
1089 961 1151 1001 non
1176 943 1284 1017 potest.

264 1029 322 1088 illa
354 1048 425 1105 ergo
456 1031 543 1106 parte
569 1030 655 1089 ibant
683 1028 791 1090 Graeci
819 1049 879 1106 qua
904 1032 984 1108 ignis
1010 1029 1161 1089 defecerat
1188 1049 1285 1106 neque

265 1117 364 1177 adhuc
395 1122 552 1193 supererat
583 1119 662 1195 quod
694 1119 798 1178 ardere
829 1122 939 1195 posset
993 1138 1174 1195 exponamus
1205 1137 1285 1178 nunc

265 1225 344 1284 quae
366 1207 399 1265 in
421 1207 500 1266 bunc
522 1207 622 1268 locum
644 1209 803 1268 metanda
827 1209 1012 1282 distulimus3
1035 1210 1080 1267 ait
1103 1211 1182 1267 enim
1203 1208 1285 1283 „vidi

264 1299 331 1372 ipse
358 1296 509 1356 furentem
536 1297 626 1356 caede
648 1298 881 1374 Neoptolemum
907 1297 1100 1375 geminosque
1125 1297 1157 1355 in
1179 1298 1284 1356 limine

224 1406 251 1446 1o
265 1384 419 1459 Atridas“,
441 1389 473 1444 et
495 1389 541 1445 est
562 1386 627 1446 vidi
647 1387 888 1463 Neoptolemum,
910 1387 975 1446 vidi
998 1387 1131 1464 geminos
1151 1386 1285 1462 Atridas,

264 1478 301 1533 ut
325 1474 373 1533 bis
394 1475 588 1552 intellegatur
609 1475 682 1535 ridi.
720 1476 772 1535 sed
795 1479 827 1535 et
848 1474 971 1534 Atridas
994 1475 1135 1535 debemus
1157 1476 1285 1535 furentis

263 1564 441 1641 intellegere
471 1567 506 1622 ut
534 1564 773 1642 Neoptolemum.
822 1565 887 1624 vidi
918 1564 1075 1623 Hecubam
1107 1567 1285 1641 centumque

265 1672 359 1712 nurus
382 1652 608 1729 Priamumque:
634 1654 684 1712 bic
706 1673 826 1730 quoque
848 1657 895 1712 ter
917 1653 1122 1730 accipiendum
1145 1656 1190 1713 est
1212 1653 1285 1728 vidi,

264 1745 302 1800 ut
329 1743 371 1800 sit
396 1741 461 1800 vidi
482 1741 650 1818 Hecubam,
672 1743 737 1802 vidi
758 1761 862 1817 nurus,
883 1743 947 1802 ridi
969 1742 1131 1801 Priamum.
1176 1743 1284 1803 hueus-

225 1850 251 1892 ιι
267 1850 325 1905 que
347 1830 582 1907 intellegendum
605 1836 650 1891 est
672 1833 744 1907 vidi,
768 1832 851 1908 quod
872 1833 972 1908 ipsum
994 1833 1093 1891 noluit
1110 1832 1213 1892 crebro
1231 1852 1285 1908 po·

265 1938 346 1993 nere,
368 1938 406 1977 ne
428 1920 553 1979 inferret
575 1920 701 1980 dictioni
722 1922 907 1981 foeditatem.
940 1923 1016 1980 item
1038 1921 1115 1980 dixit
1137 1923 1285 1996 quinqua·

265 2009 353 2086 ginta
379 2009 427 2068 illi
452 2008 594 2084 thalami,-
621 2028 689 2086 spes
711 2013 799 2070 tanta
821 2013 977 2086 nepotum,
1005 2009 1162 2068 barbarico
1184 2013 1285 2086 postes

266 2116 340 2156 auro
364 2097 528 2175 spoliisque
550 2099 672 2175 superbi
692 2100 891 2176 procubuere:
913 2099 1004 2158 sicuti
1022 2099 1061 2157 ad
1080 2102 1181 2158 omnia
1199 2103 1285 2176 apta-

266 2190 333 2246 tum
355 2190 402 2247 est
423 2187 497 2263 ridi,
518 2188 564 2246 ita
587 2192 617 2248 et
639 2190 672 2247 in
695 2192 847 2248 communi
873 2188 1010 2248 omnibus
1033 2190 1194 2265 respondet
1215 2209 1284 2265 pro-

224 2296 252 2336 so
267 2276 394 2335 cubuere
426 2276 483 2337 hoo
513 2277 616 2338 modo:
651 2279 887 2355 procubuerumt,
918 2280 1032 2355 inquit,
1064 2280 1285 2356 quinquaginta

264 2365 394 2424 thalami
421 2384 490 2425 oum
515 2368 603 2426 tanta
627 2370 770 2443 nepotum
794 2385 859 2443 spe,
885 2366 1108 2442 procubuerunt
1131 2373 1161 2426 et
1182 2370 1284 2443 postes

265 2453 423 2513 barbarico
446 2474 520 2515 auro
543 2457 665 2532 superbi
687 2460 717 2515 et
740 2457 854 2532 spoliis.
900 2476 1006 2515 aurum
1028 2455 1219 2515 barbaricum
1247 2456 1284 2514 ad

265 2546 407 2603 ornatum
428 2546 561 2619 postium
583 2548 714 2621 pertinet
732 2564 894 2620 eorumque
912 2545 1068 2619 fabricam,
1087 2564 1148 2620 qua
1164 2546 1285 2603 fuerant

265 2632 396 2708 superbi
441 2633 557 2693 fabrica
585 2637 688 2693 autem
714 2635 873 2693 barbarica
888 2680 1006 2693 ......
1013 2681 1020 2712 ,
1048 2637 1084 2692 ut
1109 2652 1217 2693 nomen
1245 2635 1285 2692 sit
1337 2680 1340 2687 .

223 2741 249 2782 se
264 2722 355 2795 artis3
377 2739 452 2797 opus
471 2725 583 2799 quippe
601 2723 680 2799 quod
694 2723 883 2782 barbaricum
897 2723 1008 2782 dicitur
1022 2725 1128 2782 ceteris
1141 2725 1284 2799 praestat.

263 2813 342 2869 item
364 2811 469 2886 spoliis
492 2813 620 2888 superbi,
638 2812 671 2870 id
692 2815 737 2871 est
754 2814 867 2890 glorias
886 2812 1076 2871 ostendentes
1094 2815 1285 2889 praetereun-

264 2899 348 2959 tibus
372 2918 474 2959 eorum
497 2901 686 2961 dominorum
709 2901 761 2976 qui
778 2903 834 2960 illa
851 2900 1013 2978 pugnando
1033 2905 1123 2977 atque
1140 2901 1285 2961 vincendo

263 2988 462 3047 retraxissent
483 2990 619 3051 hostibus
643 2993 799 3067 superatis.
837 2991 959 3067 superbi
982 3010 1053 3067 ergo
1078 2994 1186 3049 ornatu
1209 2990 1284 3050 artis

265 3081 359 3153 etque
382 3080 534 3155 materiae,
557 3080 679 3156 superbi
701 3081 791 3139 etiam
816 3080 929 3155 spoliis.

341 3234 355 3282 1
375 3230 497 3295 foedaret
514 3230 567 3283 th
584 3231 719 3297 foedasset
737 3232 780 3286 ed.
798 3231 921 3297 foedarit
938 3247 998 3284 nos.
1054 3237 1070 3285 6
1089 3232 1216 3299 deficeret
1233 3231 1286 3284 LR

265 3302 390 3369 deficeret
408 3300 452 3354 ed.
515 3307 546 3355 11
566 3303 617 3356 obi
634 3303 810 3373 iutellepoteer
827 3302 880 3356 th
898 3320 926 3356 u.
945 3304 1114 3373 iotellepe'tur
1132 3303 1175 3356 ed.
1194 3309 1226 3356 ret
1245 3304 1286 3357 bis

265 3372 443 3441 intellepatur
460 3389 520 3428 nos.
594 3378 627 3426 19
646 3375 679 3427 ire
697 3376 885 3429 commonibus
902 3374 924 3427 L
944 3374 987 3428 ed.
1006 3375 1039 3427 io
1056 3375 1193 3428 communi
1210 3373 1236 3425 R
1254 3375 1285 3426 iu

264 3444 405 3498 corruerunt¹
423 3444 549 3499 munibus
566 3442 598 3513 r',
617 3445 694 3513 quod
712 3445 906 3514 recipiendum
924 3445 1032 3514 putavi,
1047 3447 1079 3499 in
1092 3445 1285 3499 ammonitio

264 3514 394 3569 omnibus
407 3531 428 3569 r.
475 3520 510 3568 23
523 3516 634 3582 fabrica
643 3533 699 3585 qua
708 3516 758 3569 LR
768 3518 906 3583 fabricam
915 3534 971 3585 qua
981 3516 1024 3569 ed.
1069 3522 1103 3569 24
1112 3518 1177 3584 post
1187 3516 1285 3569 barbo-

264 3587 327 3640 rica
345 3599 394 3638 sex
412 3584 471 3639 fere
484 3585 645 3640 litterarum
659 3588 783 3657 spatium
796 3589 880 3641 vacat
893 3587 955 3641 inL
969 3605 1003 3642 sc
1015 3592 1055 3641 est
1067 3587 1113 3641 vel
1125 3585 1217 3639 simile
1233 3584 1285 3639 ali-

265 3656 336 3726 quid
347 3656 484 3711 excidisse
494 3659 588 3726 patet:
603 3657 755 3727 cf.11,777.
798 3659 1017 3730 repertumst
1056 3662 1089 3711 28
1104 3658 1286 3712 detraxissent

265 3727 309 3783 ed.
327 3727 362 3781 cf.
375 3732 435 3783 389.
451 3730 456 3798 Ι
472 3734 574 3785 onam
588 3730 659 3786 ortis
671 3730 693 3783 L
709 3730 751 3786 ed.
767 3737 849 3785 crocu
861 3731 953 3784 mriis
965 3729 992 3782 It
1005 3731 1149 3784 ornatibus
1162 3730 1250 3783 variis
1262 3744 1284 3780 r.

322 3803 356 3852 29
376 3801 505 3855 matrice
523 3800 577 3853 LR
595 3801 638 3855 ed.
657 3802 774 3856 materia
792 3818 813 3855 r.
835 3804 840 3871 Ι
862 3801 992 3870 superbio
1011 3800 1063 3853 LR
1079 3801 1191 3869 superbi
1209 3816 1227 3852 r.
1240 3799 1284 3853 ed.
