3250 4350
358 409 380 472 2
639 408 779 464 DONATI
797 406 967 464 INTERPR.
986 407 1094 463 VERG.
1408 448 1411 513 ,

359 578 482 637 illorum
508 578 611 637 labore
640 577 749 653 quidve
782 596 817 635 ex
846 580 973 654 patemo
1000 577 1184 653 sequendum
1212 579 1260 639 sit.
1319 597 1373 639 non

359 669 440 726 euim
468 668 521 725 aut
547 666 595 726 illi
622 668 722 727 omnia
750 667 888 742 conplexi
914 669 998 740 sunt,
1025 670 1062 725 ut
1088 685 1136 726 ros
1163 669 1232 743 ipsa
1253 667 1373 741 indicat,

360 758 413 814 aut
440 774 495 834 ego
522 758 610 815 tanta
637 755 779 832 conposui
806 774 883 830 quae
911 758 941 814 te
969 757 1086 832 possint
1113 755 1152 814 ad
1178 757 1262 832 pleni
1290 757 1374 817 intel-

358 846 455 904 lectus
474 845 611 904 effectum
630 846 823 920 conpetenter
844 844 1000 903 instruere.
1039 847 1186 921 quocirca,
1205 848 1242 903 ut
1264 846 1375 906 dictum

360 937 414 1007 est,
437 935 503 1012 lege
526 935 627 992 omnia
651 936 689 1007 et,
712 935 739 994 si
761 935 839 992 forte
862 937 966 992 nostra
989 934 1058 993 aliis
1081 933 1297 1010 displicebunt,
1323 935 1375 995 tibi
1394 940 1407 993 ι’

360 1027 438 1083 certe
466 1024 662 1099 conplaoeant
689 1041 767 1097 quae
794 1021 857 1082 filio
884 1025 972 1098 pater
1000 1024 1064 1082 sine
1087 1023 1191 1081 fraude
1214 1025 1375 1085 transmisi.
1410 1010 1411 1031 ¹

426 1112 561 1171 Primum
583 1113 679 1189 igitur
702 1114 733 1170 et
756 1114 825 1170 ante
850 1110 950 1170 omnia
973 1111 1123 1171 sciendum
1143 1115 1189 1171 est
1213 1113 1296 1188 quod
1318 1133 1376 1174 ma·

361 1204 456 1261 teriae
485 1218 578 1279 genus
607 1200 692 1259 Maro
720 1202 821 1260 noster
848 1200 1006 1278 adgressus
1034 1201 1087 1275 sit,
1122 1202 1180 1260 hoc
1211 1202 1294 1261 enim
1322 1203 1377 1262 nisi

359 1291 441 1349 inter
458 1289 547 1348 initia
565 1291 657 1348 fuerit
676 1291 838 1367 cognitum,
857 1290 1047 1348 vehementer
1065 1289 1222 1349 errabitur.
1251 1294 1283 1350 et
1302 1295 1377 1351 certa

360 1379 552 1438 laudativum
580 1381 639 1453 est,
672 1378 751 1454 quod
782 1378 894 1437 idcirco
921 1380 1108 1457 incognitum
1135 1381 1180 1438 est
1210 1382 1242 1438 et
1271 1380 1404 1454 latenas

361 1470 433 1544 quia
455 1470 532 1527 miro
556 1467 628 1526 artis
648 1486 754 1545 genere
772 1466 957 1527 laudationis
976 1469 1049 1543 ipse,
1068 1467 1139 1526 dum
1157 1471 1245 1546 gesta
1259 1469 1376 1531 Aeneae

360 1560 560 1634 percurreret,
587 1556 751 1615 incidentia
775 1575 892 1632 quoque
916 1556 1007 1615 etiam
1032 1557 1161 1615 aliarum
1182 1560 1376 1618 materiarum

360 1666 471 1724 genera
495 1646 656 1721 conplexus
679 1646 856 1719 ostenditur,
875 1664 929 1704 neo
950 1648 1018 1721 ipsa
1035 1649 1135 1704 tamen
1155 1646 1255 1706 aliena
1275 1667 1294 1707 a
1313 1668 1375 1725 par-

359 1735 441 1795 tibus
464 1733 577 1808 laudis,
606 1753 676 1792 nam
698 1733 808 1793 idcirco
833 1735 992 1811 adsumpta
1014 1737 1093 1807 sunt,
1115 1737 1150 1793 ut
1172 1737 1295 1795 Aeneae
1318 1738 1376 1797 lan·

361 1824 480 1883 dationi
505 1823 689 1899 proficerent.
735 1824 791 1882 hoc
818 1823 884 1884 loco
907 1825 1042 1900 quisquis
1063 1823 1192 1902 Vergilii
1215 1825 1375 1905 ingenium,

360 1909 573 1986 moralitatem,
596 1912 714 1971 dicendi
736 1915 886 1985 naturam,
912 1915 1077 1987 scientiam,
1103 1931 1201 1972 mores
1224 1914 1374 1990 peritiam·

361 2022 419 2078 que
442 2002 607 2061 rhetoricae
631 2000 807 2077 disciplinae
830 2003 931 2060 metiri
953 2003 1043 2075 volet,
1061 2004 1230 2062 necessario
1247 2006 1374 2080 primum

360 2091 449 2150 debet
477 2090 630 2150 advertere
654 2108 742 2166 quem
766 2091 930 2167 susceperit
953 2092 1084 2150 carmine
1107 2109 1160 2151 suo
1182 2091 1373 2167 laudandum,

362 2184 509 2257 quantum
523 2180 656 2239 laborem
670 2198 821 2255 quamque
839 2182 1041 2256 periculosum
1061 2198 1136 2256 opus
1155 2181 1315 2261 adgressus
1331 2183 1372 2243 sit

361 2272 452 2329 talem
476 2271 556 2327 enim
578 2271 744 2327 monstrare
768 2269 891 2328 Aenean
915 2269 1029 2344 debuit,
1057 2272 1093 2327 ut
1116 2269 1225 2347 dignus
1249 2270 1372 2343 Caesari,

359 2362 391 2418 in
424 2360 507 2418 cuius
538 2359 681 2416 honorem
713 2359 787 2418 haec
821 2358 1038 2432 scribebantur,
1071 2377 1179 2441 parens
1212 2363 1244 2418 et
1276 2364 1373 2420 auctor

360 2448 476 2526 generis
504 2446 710 2523 praeberetur3
742 2466 868 2522 cumque
900 2449 997 2523 ipsum
1030 2450 1185 2507 secuturae
1218 2452 1372 2509 memoriae

363 2539 470 2597 fuisset
500 2535 667 2594 traditurus
700 2537 834 2596 extitisse
865 2536 994 2595 Romani
1030 2535 1149 2611 imperii
1185 2538 1372 2610 conditorem,

361 2626 466 2703 procul
489 2624 593 2698 dubio,
621 2628 657 2683 ut
682 2625 767 2697 fecit,
796 2628 826 2682 et
849 2644 976 2684 vacuum
998 2627 1080 2683 omni
1103 2626 1192 2701 culpa
1216 2629 1247 2685 et
1269 2645 1371 2707 magno

362 2715 521 2790 praeconio
544 2713 772 2789 praeferendum
795 2713 898 2773 debuit
921 2714 1131 2773 demonstrare.

428 2803 569 2862 Dicamus
593 2820 663 2879 ergo
688 2822 764 2879 quae
782 2804 878 2878 ipsius
896 2804 1016 2862 Aeneae
1034 2821 1192 2878 personam
1211 2804 1371 2864 deformare

361 2892 543 2968 potuissent3
566 2891 683 2949 nullum
704 2893 784 2950 enim
797 2892 966 2969 Vergiliani
989 2894 1128 2951 carminis
1152 2893 1312 2969 apparebit
1332 2896 1370 2952 in·

361 2984 491 3060 genium,
510 2981 570 3039 nisi
592 2980 623 3037 in
646 2998 774 3054 persona
796 2983 928 3057 suscepti
949 2982 1047 3041 herois
1069 2981 1183 3041 fuerint
1206 2984 1371 3042 enumerata

362 3071 520 3130 contraria.
567 3071 714 3127 incertum
743 3071 854 3146 quippe
883 3089 944 3130 esse
972 3088 1033 3128 non
1058 3073 1159 3147 potest
1190 3070 1315 3131 Aenean
1335 3069 1371 3130 sic

362 3179 396 3217 ex
415 3159 505 3227 Asiae
524 3157 662 3233 partibus
680 3161 835 3219 recessisse
854 3162 964 3219 amissa
982 3162 1091 3235 patria,
1111 3179 1202 3235 quam
1225 3160 1370 3224 deferam

434 3333 448 3380 1
469 3328 560 3381 labore
578 3328 717 3396 transpos.
737 3328 779 3381 ed.
836 3333 869 3382 10
888 3330 1062 3384 laudandum
1081 3330 1133 3382 hit
1152 3331 1326 3386 laudativum
1342 3344 1370 3382 ox

363 3406 404 3466 11,
420 3404 472 3452 296
491 3397 599 3451 emend.
619 3416 643 3450 v.
664 3398 689 3451 d.
709 3398 825 3453 Hoeven
842 3418 870 3469 p.
887 3406 928 3453 31.
1008 3406 1039 3454 11
1059 3402 1130 3456 miro
1149 3402 1220 3456 artis
1236 3417 1288 3471 pro
1305 3401 1369 3462 mim

362 3473 430 3538 arte,
450 3470 527 3539 quod
545 3468 620 3522 infra
638 3469 750 3539 legitur.
769 3471 772 3541 l
793 3473 851 3540 epse
868 3471 894 3524 R
912 3472 968 3540 ipsi
985 3472 1007 3525 L
1025 3473 1115 3541 ipsius
1132 3471 1176 3527 ed.
1243 3479 1276 3526 12
1295 3473 1369 3527 esre
1404 3525 1411 3544 ,

362 3559 414 3596 om.
431 3541 473 3595 ed.
531 3546 563 3593 13
583 3542 646 3609 ipsa
665 3541 772 3595 omed.
830 3548 862 3595 16
882 3542 992 3598 dicendi
1008 3545 1138 3598 notitiam
1157 3544 1200 3597 ed.
1258 3549 1291 3597 19
1309 3554 1371 3613 opst
1396 3567 1411 3594 a

360 3612 413 3666 LR
431 3629 540 3698 cornico
559 3610 602 3665 ed.
680 3618 714 3665 20
735 3612 887 3668 CacsariL
909 3614 1024 3669 Caesare
1041 3614 1066 3667 a
1086 3617 1138 3670 ris
1155 3633 1177 3668 r.
1252 3620 1286 3669 aa
1303 3629 1368 3670 mos·

335 3718 477 3841 otorentdL
493 3699 619 3776 secutdre
636 3719 663 3773 a
686 3725 830 3777 secuturae
852 3738 867 3774 r
890 3720 937 3791 (cl.
954 3726 982 3789 t,
994 3727 1046 3775 416
1068 3729 1196 3777 secutura
1219 3711 1376 3793 posteritati
1408 3695 1411 3704 Ι

351 3803 390 3838 rn.
412 3804 430 3840 e
452 3834 457 3844 .
