3250 4350
713 434 896 490 AENEHJOS
913 435 953 490 111
1279 438 1350 504 275

325 604 456 663 mestore
485 606 515 662 et
538 603 616 664 Anio
639 604 790 680 Vergilius
818 606 921 681 posuit
947 605 1045 663 malae
1067 605 1221 683 bonaeque
1245 607 1352 666 amiei—

324 693 403 764 tiae,
431 691 539 769 quibus
566 694 700 753 homines
728 695 777 753 vel
804 714 823 754 a
849 695 987 770 pessimis
1015 693 1131 753 actibus
1152 700 1275 755 revocat
1297 697 1352 757 vel.

325 782 467 841 hortatur
503 782 541 840 ad
577 783 678 842 bonos.
730 785 881 858 iaapimas
911 785 1034 858 bospitio
1067 784 1185 843 dextras
1217 790 1244 844 et
1274 790 1352 846 leela

324 871 473 929 subimus:
504 873 625 946 merito,
648 873 762 947 inquit,
789 875 886 950 patris
911 873 971 931 mei
994 892 1061 933 oum
1084 872 1219 933 omnibus
1244 875 1353 934 amici·

298 962 403 1018 stiam
425 961 525 1018 iunxit
548 965 578 1019 et
600 963 755 1021 universos
777 962 896 1022 induxit
916 961 948 1020 in
972 963 1100 1021 domum.
1147 962 1184 1021 de
1205 962 1353 1023 exhibitis¹

326 1049 479 1108 alimoniis
502 1052 611 1108 tacuit:
636 1049 687 1126 qui
711 1053 789 1109 enim
813 1052 942 1111 ooounit
964 1050 1160 1125 venientibus,
1184 1054 1237 1126 qui
1261 1052 1355 1111 duxit.

324 1140 359 1195 in
378 1138 500 1197 domum
519 1138 618 1198 officia
637 1157 755 1216 qnoque
774 1142 881 1217 plenae
898 1140 1096 1199 humanitatis
1115 1140 1244 1216 inplesse
1263 1160 1354 1200 mon-·

326 1227 489 1286 atrabatur.

396 1316 518 1391 Templa
536 1318 584 1375 dei
600 1335 672 1376 soro
690 1321 854 1378 venerabar
871 1323 982 1378 straola
999 1322 1124 1376 erasa.-
1145 1336 1219 1393 opus
1239 1318 1353 1394 templii

284 1422 311 1462 ro
325 1405 486 1465 vetustatis
512 1407 630 1465 ratione
656 1407 806 1482 laudavit3
843 1408 986 1485 quiequid
1013 1406 1092 1466 enim
1119 1410 1204 1466 vetus
1235 1406 1352 1467 dieitur

325 1513 381 1553 nee
408 1497 510 1552 tamen
537 1497 721 1571 antiquitate
747 1500 889 1557 vexatum
916 1501 961 1557 est
989 1498 1080 1572 atque
1106 1497 1253 1554 inlaesum
1278 1517 1344 1572 per·

324 1586 429 1642 manet
446 1584 551 1658 procul
570 1585 660 1644 dubio
678 1605 820 1665 magnum
839 1592 891 1646 est.
922 1588 962 1645 da
975 1588 1139 1660 propriam,
1156 1586 1343 1660 lbymbraee,
1362 1593 1398 1642 85

325 1673 458 1740 danum,
485 1673 526 1731 da
552 1676 668 1732 moenia
694 1676 780 1748 fessis
808 1680 835 1735 ei
859 1694 951 1751 araas
979 1680 1005 1733 el
1030 1692 1205 1732 mansuram
1233 1677 1343 1743 arbeae,
1372 1672 1374 1675 ”

324 1778 412 1820 serva
435 1763 528 1821 altera
553 1763 659 1822 Troiae
680 1764 839 1838 Perpama,
862 1766 1003 1838 reboatur
1024 1765 1170 1822 Daaawm
1192 1768 1277 1837 alque
1299 1767 1344 1822 ia·

283 1865 310 1906 a
323 1853 405 1909 mitis
423 1849 540 1910 Achilli.
576 1869 660 1924 qaam
677 1855 846 1926 sequimur?
869 1871 959 1926 quoae
980 1855 1024 1912 ire
1045 1851 1148 1912 iubes?
1170 1853 1221 1910 abi
1235 1870 1344 1925 ponere

323 1940 427 1999 sedes?
462 1940 510 2007 da,
529 1945 625 2013 paler,
650 1945 809 2015 aequarem
832 1947 918 2016 atque
940 1944 1049 2001 areimis
1070 1941 1200 1999 inlabere
1221 1945 1344 2000 ababa:

325 2031 443 2087 oeoasio
467 2030 528 2087 fait
550 2032 584 2088 ut
608 2050 642 2088 ex
660 2049 802 2106 responso
820 2031 971 2107 Apollinis
989 2031 1169 2107 purgaretur
1187 2030 1342 2105 serupulus

325 2119 377 2193 qui
402 2117 598 2178 Troianorum
623 2120 737 2179 animos
760 2120 950 2181 vehementer
972 2119 1114 2199 angebat,
1143 2119 1214 2195 quia
1236 2120 1343 2179 incerti

324 2209 357 2265 in
380 2207 519 2267 omnibus
543 2209 662 2268 fuerant
685 2229 739 2269 nee
762 2210 897 2269 sciebant
920 2230 978 2286 quo
1001 2209 1158 2270 tenderent
1179 2227 1234 2268 nee
1252 2229 1341 2268 nove·

286 2300 394 2355 rorant
417 2296 470 2354 ubi
493 2300 605 2355 certam
628 2299 727 2357 sedem
750 2300 860 2358 habere
883 2302 1064 2375 potuissent3
1087 2298 1130 2357 sio
1153 2299 1233 2356 enim
1256 2317 1343 2374 snpe-

322 2388 386 2445 rius
411 2378 461 2467 (4)
485 2385 574 2444 dixit:
603 2387 738 2461 „diversa
761 2388 852 2448 exilia
875 2394 905 2448 et
928 2389 1058 2448 desertas
1083 2404 1222 2462 quaerere
1245 2390 1341 2446 terras

324 2475 459 2552 augmiis
484 2475 602 2551 agimur
624 2476 726 2535 divum
749 2476 857 2537 incerti
879 2499 938 2554 quo
956 2479 1021 2537 fata
1040 2478 1147 2551 ferant,
1165 2476 1217 2533 ubi
1236 2477 1341 2534 sistere

322 2562 437 2621 detur“.
474 2564 608 2638 preoatio
631 2567 725 2641 igitur
747 2566 867 2625 Aeneae
890 2568 1009 2643 plenam
1027 2568 1110 2625 tenet
1127 2564 1341 2622 desideriorum

321 2652 657 2730 manifestissimamque
685 2655 862 2729 petitionem
889 2660 920 2715 et
942 2656 1042 2715 estin
1065 2652 1212 2712 brevitate
1235 2653 1340 2712 verbo-

286 2755 307 2797 a
321 2761 390 2799 rum
413 2744 515 2800 tamen
537 2743 693 2801 intellectu
716 2744 877 2819 latissima3
910 2745 1055 2804 sollicitus
1080 2741 1190 2818 quippe
1214 2742 1339 2819 diligen·

320 2832 516 2906 tissimusque
543 2832 696 2890 consultor
723 2835 824 2891 omnia
851 2826 998 2909 eonpleoti
1026 2832 1129 2891 debuit
1157 2831 1273 2906 paucis,
1305 2835 1340 2890 ut

321 2922 445 2995 aoeepto
473 2919 560 2994 plene
587 2940 729 2996 responso
758 2922 849 2980 semel
876 2924 908 2980 in
936 2922 1072 2981 omnibus
1099 2919 1273 2979 redderetur
1293 2921 1339 2978 in·

320 3008 474 3067 structior.
520 3009 558 3067 da
580 3010 734 3085 propriam
756 3011 942 3086 Thymbraee
966 3012 1098 3070 domum:
1129 3008 1168 3067 da
1190 3008 1340 3086 signifieat

319 3097 446 3157 ostende
474 3117 550 3172 quae
577 3099 663 3157 nobis
689 3100 792 3159 futura
815 3101 856 3158 sit
879 3101 992 3159 domus.
1039 3098 1155 3158 addidit
1177 3098 1339 3173 propriam,

280 3200 304 3242 so
317 3206 357 3244 ne
381 3184 455 3244 talis
473 3189 625 3245 teneretur
643 3207 733 3263 quam
751 3191 862 3247 iterum
879 3190 1047 3265 perderent,
1066 3191 1143 3247 siout
1160 3189 1193 3245 in
1211 3187 1339 3246 Thracia

318 3276 436 3333 factum
460 3279 512 3333 est.
559 3276 598 3334 da
620 3280 738 3336 moenia
761 3279 847 3337 fessis
871 3282 901 3338 et
924 3282 1075 3354 paratam,
1097 3277 1209 3351 inquit,
1233 3278 1338 3335 eivita-

317 3367 398 3422 tem:
422 3364 563 3439 quoniam
586 3366 672 3424 fessis
695 3385 804 3426 novam
828 3367 952 3426 oondere
976 3367 1187 3426 difficillimum
1210 3367 1263 3423 ost.
1308 3367 1338 3423 et

317 3470 425 3532 genus,
444 3454 558 3513 seilicet
581 3459 776 3532 augmentum
799 3456 924 3534 generis,
943 3456 1023 3532 quod
1046 3476 1081 3515 ex
1103 3454 1233 3513 maxima
1251 3456 1337 3528 parte

392 3605 483 3658 irari
501 3603 553 3658 LR
570 3622 604 3660 m.
624 3623 673 3660 rea
691 3605 734 3660 ed.
798 3613 831 3660 12
851 3608 990 3676 thymbrae
1007 3607 1060 3660 th
1078 3623 1146 3661 eorr.
1161 3623 1182 3658 r.
1244 3611 1276 3658 16
1297 3606 1336 3657 la·

316 3677 379 3730 bere
400 3674 453 3727 LR
471 3675 581 3730 illabere
599 3694 620 3730 r.
731 3682 763 3730 19
784 3696 834 3732 aee
851 3680 972 3734 sciebant
988 3679 1040 3732 La
1062 3679 1217 3732 aeseiebaat
1239 3677 1282 3729 ed.

317 3754 353 3801 23
369 3748 515 3815 praecario
533 3746 585 3799 LR
599 3749 741 3816 praefatio
759 3749 802 3803 ed.
830 3749 834 3821 l
863 3751 931 3805 teuit
948 3750 1008 3803 LR.
1091 3755 1125 3802 24
1143 3755 1168 3803 et
1186 3754 1225 3802 est
1242 3747 1295 3800 th
1312 3751 1338 3799 a

317 3836 373 3873 om.
394 3817 439 3871 ed,
513 3822 547 3871 28
566 3820 712 3889 tlrybraeae
729 3819 788 3874 LR.
863 3826 896 3875 29
911 3822 1031 3890 propria
1049 3821 1070 3873 L
1085 3820 1232 3889 propriam
1249 3818 1282 3873 a.

1073 3910 1127 3964 lt*
