3250 4350
351 427 417 491 178
629 424 770 480 DONA'I'I
786 425 956 480 mmsis
974 425 1083 480 Vltus.
1125 425 1132 436 '

348 597 488 654 securim:
519 594 621 671 qualis
641 595 727 653 tollit
747 596 896 672 mugitus,
922 614 990 654 cum
1012 597 1074 654 aris
1094 600 1200 657 taurus
1224 595 1359 656 admotus

348 703 410 744 non
435 684 525 760 pleno
551 684 616 743 ictu
640 686 810 759 percutitur
833 686 866 742 et
886 702 955 743 uuas
977 684 1092 763 effugit,
1113 684 1185 744 talis
1206 686 1360 747 emittebat

348 772 487 832 Inoocon
507 773 652 833 clamores
669 773 708 830 ad
726 772 833 831 sidera
869 773 1113 848 reprehendentis
1130 774 1247 833 scilieet
1264 776 1359 834 animo

347 861 488 936 faciebat,
505 862 588 938 quod
602 880 659 921 nec
680 861 874 921 subvenirent
894 865 959 921 tam
980 880 1071 921 sceva
1091 863 1311 937 perferentibus
1332 869 1361 923 et

347 952 472 1030 indigna
493 951 560 1010 fieri
581 954 764 1028 paterentur.
810 951 923 1009 adlusit
949 954 1049 1011 eutem
1072 950 1110 1009 de
1130 955 1252 1029 mugitu
1273 955 1389 1026 tumis

348 1041 492 1117 quoniam
521 1043 555 1099 in
585 1041 641 1100 illo
670 1039 817 1100 mcriiicio
853 1044 974 1098 taurum
1009 1041 1102 1101 fuisse
1135 1045 1359 1102 memoraverat

346 1130 432 1188 tollit
456 1129 504 1188 bis
531 1129 739 1206 accipiendum
764 1133 824 1202 est,
850 1132 887 1187 nt
908 1129 950 1188 sit
971 1129 1055 1189 tollit
1075 1132 1227 1208 mugitum
1248 1133 1359 1204 taurus,

347 1220 431 1277 tollit
455 1218 595 1279 Inoccon
621 1219 765 1277 clamores
792 1217 832 1277 ad
858 1216 969 1292 sidera,
996 1219 1112 1278 utillo
1139 1220 1189 1278 rel
1214 1238 1275 1280 uox
1296 1239 1359 1298 per

293 1315 346 1364 225
355 1310 473 1367 veniret
493 1308 572 1366 unde
594 1307 762 1367 insontibus
784 1325 845 1366 non
866 1309 969 1382 potuit
990 1307 1151 1368 subreniri
1195 1313 1230 1366 ut
1253 1311 1360 1382 omini

347 1399 435 1470 lapsu
457 1397 580 1456 delubra
602 1397 643 1456 cd
664 1415 780 1455 sumnia
802 1395 944 1456 damires
961 1396 1122 1470 disfaciant
1137 1414 1299 1471 mecam
1311 1415 1388 1471 pen

347 1489 413 1544 tent
440 1485 601 1544 Tritonidis
629 1503 728 1545 arcem
755 1487 809 1544 sub
834 1487 1015 1558 pedibusque
1043 1485 1115 1546 done
1140 1486 1281 1559 elipsim
1307 1488 1358 1546 snb

346 1576 415 1634 orbe
431 1579 580 1649 toquentur:
598 1574 790 1634 confirmatur
806 1574 867 1632 ista
884 1575 1063 1648 coniectore,
1076 1575 1156 1649 quod
1172 1593 1235 1634 nou
1252 1575 1359 1635 inertis

346 1682 403 1724 sua
424 1684 521 1739 neque
543 1665 608 1723 sola
630 1663 750 1722 Sinonis
772 1663 888 1736 fraude,
906 1663 959 1722 sed
979 1664 1102 1723 inimico
1123 1666 1216 1725 ctiam
1238 1664 1359 1725 dcem

345 1753 446 1812 studio
469 1757 501 1812 et
521 1753 571 1812 vel
592 1755 722 1812 maxime
742 1754 838 1828 ipsus
860 1752 1023 1827 Minervae,
1044 1755 1128 1812 euius
1150 1752 1263 1813 donum
1285 1753 1358 1814 Lao

346 1844 462 1902 coortis
491 1862 584 1902 mauu
615 1842 773 1902 constabat
803 1861 867 1901 esse
898 1843 1064 1916 pulsatum,
1091 1841 1216 1901 Troiani
1244 1842 1358 1920 decepti
1369 1859 1388 1902 n

346 1933 415 2005 sint,
438 1950 506 1990 cum
528 1931 671 1991 dracones
691 1930 779 1990 ambo
796 1931 932 2006 perfecta
948 1929 1127 1990 Laocoontis
1145 1949 1181 1990 ac
1198 1931 1358 1993 liberorum

345 2040 442 2096 poena
464 2020 504 2079 ad
526 2021 671 2096 templum
694 2020 846 2078 Minervae
869 2020 1086 2079 contenderunt
1102 2038 1156 2078 nec
1174 2020 1273 2080 solnm
1293 2039 1356 2080 con·

344 2113 422 2168 tenti
458 2112 579 2168 fuerunt
610 2109 776 2186 parietibus
807 2109 925 2185 templi,
958 2109 1011 2167 sed
1041 2109 1081 2166 ad
1111 2108 1208 2186 ipsum
1241 2129 1357 2187 quoque

346 2219 457 2272 arcem,
484 2201 541 2257 hoc
568 2203 614 2258 est
635 2199 689 2259 ubi
711 2199 783 2257 dese
806 2199 998 2256 simulacrum
1021 2198 1134 2273 stabat,
1161 2199 1251 2258 celeri
1275 2202 1356 2275 lapsu

344 2291 545 2364 pervenerumt
584 2288 776 2365 vestigiisque
819 2289 882 2346 eius
918 2290 948 2346 et
984 2288 1080 2363 clipeo
1116 2291 1246 2348 contecti
1282 2293 1387 2348 suntsi

344 2379 514 2435 mirandum
541 2396 601 2436 uon
629 2381 675 2436 est
702 2378 797 2451 clipeo
825 2381 856 2435 et
883 2377 1037 2435 simulacri
1062 2377 1199 2454 vestigiis
1221 2379 1287 2454 tegi
1309 2397 1356 2453 po·

344 2469 436 2525 tuisse
461 2486 534 2541 quos
558 2486 648 2541 supra
671 2470 702 2524 et
722 2467 828 2542 longos
852 2468 882 2524 et
904 2465 1019 2524 validos
1042 2465 1119 2523 dixit
1140 2469 1171 2524 et
1198 2466 1356 2542 multiplici

345 2556 458 2613 ambitu
487 2556 713 2615 circumdedisse
741 2554 918 2613 Laocoontis
946 2573 1053 2630 corpus
1079 2573 1114 2613 ac
1139 2555 1304 2615 liberorum
1330 2559 1356 2614 et

344 2645 435 2702 fuisse
459 2645 637 2720 superfluam
660 2647 784 2720 partem.
825 2645 941 2702 interea
963 2644 1117 2718 amplexus
1140 2644 1218 2703 dixit
1239 2663 1356 2720 serpen·

344 2737 418 2805 tum,
442 2752 509 2791 cum
531 2736 616 2809 pueri
640 2737 671 2791 et
688 2734 827 2791 Laocoon
845 2736 1031 2806 necarentur,
1048 2736 1084 2791 ut
1101 2734 1273 2792 ostenderet
1287 2734 1386 2793 Ver-s

345 2822 434 2897 gilius
458 2841 520 2881 esse
542 2822 680 2895 blandos,
705 2841 767 2882 esse
791 2821 953 2897 aliquando
976 2822 1068 2880 etiam
1089 2823 1274 2896 perniciosos
1298 2843 1355 2882 em·

344 2910 455 2985 plexus.
502 2911 657 2987 vulgatum
685 2914 786 2969 autem
814 2914 932 2970 constat
954 2915 985 2970 et
1007 2911 1143 2969 omnibus
1165 2913 1355 2971 manifestum

345 2999 375 3055 in
403 3002 479 3056 mari
506 3018 631 3076 angues,
658 3002 691 3057 in
718 3004 799 3057 terra
827 3004 991 3075 serpentes,
1018 3001 1051 3056 in
1077 3001 1190 3075 templo
1216 3001 1354 3060 dracones

343 3091 463 3162 poetam
486 3088 601 3147 dixisse.

412 3178 488 3234 ibim
521 3196 587 3235 uero
622 3179 789 3249 tremefacta
818 3196 911 3236 novun
938 3196 994 3251 per
1019 3182 1139 3251 pectora
1171 3182 1281 3239 caecutis
1313 3182 1386 3238 iri-u

344 3268 445 3323 sinuat
470 3284 581 3339 pauor:
617 3269 682 3323 tum
713 3286 783 3324 vero
812 3270 884 3325 tunc
911 3269 1019 3344 magis3
1056 3285 1147 3341 supra
1175 3268 1254 3326 euim
1282 3269 1354 3327 dixit

344 3356 480 3414 horresco
503 3357 633 3413 referens
656 3358 687 3413 et
710 3355 881 3432 diffugimus
899 3356 966 3415 visu
985 3375 1141 3432 exangues,
1159 3376 1239 3415 nnnc
1258 3361 1352 3416 autem

342 3445 474 3519 perfecto
497 3444 676 3503 Laocoontis
704 3447 734 3502 et
760 3444 890 3502 filiorum
918 3445 1009 3503 exitio
1035 3449 1066 3503 et
1088 3445 1267 3506 draconibus
1289 3466 1352 3505 con·

415 3674 572 3720 lsecurum
591 3668 616 3719 R
633 3685 751 3722 securem
767 3686 789 3721 r.
863 3669 999 3722 3scilicet
1017 3684 1070 3720 om.
1085 3668 1129 3721 ed.
1203 3669 1352 3735 tfociebat

343 3736 394 3788 LR
413 3738 521 3791 tollebat
538 3739 582 3791 od.
656 3745 689 3793 26
708 3757 763 3793 esse
781 3740 896 3793 blandos
915 3738 967 3792 LR
985 3755 1039 3793 esse
1057 3739 1172 3793 omed
1245 3745 1279 3793 sl
1297 3746 1351 3794 tun

335 3809 430 3877 mayis
447 3808 488 3862 ed.
565 3816 599 3864 32
618 3817 708 3865 autem
727 3810 779 3863 LR
796 3827 858 3864 uero
876 3810 919 3863 ed.
