3250 4350
352 419 395 484 50
630 418 769 472 DONATI
787 418 955 472 INTERPR.
976 417 1084 473 VERG.

351 589 504 664 persuasio
523 588 652 656 consulti
669 589 757 665 regis,
771 588 868 648 ferina
886 606 964 661 caro,
979 607 1071 664 quam
1089 592 1243 664 praestare
1261 591 1365 648 ceteris

351 678 544 736 manifestum
563 679 616 750 est,
638 676 799 751 eademque
822 678 951 754 pinguis,
970 678 1026 735 hoe
1049 681 1097 736 est.
1118 697 1194 753 quae
1217 697 1278 736 non
1301 681 1364 738 tan·

351 771 418 825 tum
445 770 554 825 natura
581 785 684 825 verum
712 768 805 825 etiam
833 767 984 841 qualitate
1007 766 1219 842 ‘adpetentium
1250 766 1365 826 animos

350 856 509 930 inritabat,
541 855 604 913 vini
636 857 728 914 etiam
760 857 885 931 specics,
922 855 973 913 cui
1007 856 1165 931 multiplex
1201 859 1366 916 accesserat

317 947 450 1023 gratia
467 965 491 1003 a
513 946 656 1021 tempore,
680 945 830 1019 qualitate
851 947 882 1003 et
907 945 1091 1019 quantitate,
1123 963 1194 1003 nam
1222 947 1252 1004 et
1280 948 1397 1005 vetnss

298 1035 460 1092 215fuerat
483 1037 513 1092 et
536 1033 681 1135 optimum
706 1041 745 1091 et
759 1033 925 1092 abundans.
968 1032 1141 1108 deniqne
1119 1052 1161 1093 sic
1183 1035 1299 1109 posuit:
1321 1037 1364 1094 ἱπ-

344 1125 466 1196 plentur
497 1124 600 1181 eeterr‘s
627 1123 738 1180 Bacchi
759 1123 937 1196 ptnpersprre
963 1123 1085 1194 ferieres.
1131 1123 1213 1181 ultra
1243 1123 1365 1183 modum

351 1213 408 1272 sibi
431 1213 521 1272 simul
545 1214 644 1270 omnia
667 1211 888 1288 ingerebant,
879 1230 911 1269 ur
933 1214 1053 1270 tantum
1075 1214 1110 1269 ut
1132 1231 1192 1271 non
1215 1212 1365 1272 sufficerat

351 1320 507 1362 occursum
530 1319 592 1360 esse
615 1304 748 1375 naturae,
768 1300 821 1359 sed
842 1300 924 1358 ultra
942 1300 1064 1360 modum
1083 1304 1271 1360 sumerentur
1290 1321 1364 1378 quae

350 1390 517 1467 specierum
552 1389 809 1465 suppeditantium
844 1389 963 1448 bonitas
996 1392 1027 1447 et
1058 1389 1145 1464 copia
1177 1391 1363 1468 suggerebat.
1376 1408 1398 1449 u

351 1480 536 1538 subnectitur
550 1478 655 1537 dehinc
668 1478 824 1538 moralitas
843 1482 874 1536 et
892 1478 975 1537 aliud
995 1478 1072 1552 aliis,
1085 1480 1151 1555 regi
1165 1479 1250 1537 alind
1268 1479 1363 1538 datur.

349 1568 482 1644 positum
500 1571 546 1627 est
564 1569 674 1643 quippe
688 1571 845 1641 postquem
864 1571 994 1640 eeerupto
1011 1568 1106 1639 fomes
1124 1569 1218 1640 epatris
1235 1571 1364 1629 mensor·

350 1675 404 1731 quc
426 1661 559 1727 remotae,
581 1659 703 1715 areisans
725 1657 808 1729 lorpo
831 1658 922 1715 socios
945 1674 1075 1715 sermone
1097 1658 1251 1729 requireret
1272 1676 1364 1730 spern-

350 1765 404 1819 pue
426 1751 588 1821 meumque
610 1747 685 1804 ieter
707 1746 797 1812 dubii,
821 1763 873 1804 serr
895 1748 991 1805 oluere
1013 1746 1133 1804 aedunt
1153 1748 1215 1804 sr'oe
1237 1751 1363 1806 cetrum

344 1838 412 1908 poll
438 1852 490 1893 rrec
516 1837 576 1893 lom
599 1836 738 1894 exaudire
760 1839 881 1893 uocatos.
907 1852 996 1893 ·.cum
1019 1835 1099 1893 enim
1121 1835 1200 1892 fame
1224 1838 1256 1894 et
1278 1837 1394 1896 lassi-u

349 1924 451 1983 tudine
488 1926 706 1999 premerentur,
741 1923 948 1999 desperassent
979 1924 1070 1982 etiam
1102 1924 1138 1982 de
1171 1924 1269 1984 salute
1301 1944 1361 1998 sna,

349 2014 461 2071 nullius
481 2032 529 2072 eos
548 2013 606 2071 nisi
624 2014 747 2087 propria
758 2027 837 2072 ‘cura
855 2012 1010 2089 tangebat.
1042 2014 1162 2072 refectis
1185 2031 1256 2091 ergo
1280 2015 1363 2072 venit

348 2103 379 2159 in
403 2105 532 2160 mentem
555 2101 720 2160 recordatio
745 2101 899 2176 sociorum,
918 2120 1046 2178 quorum
1068 2101 1104 2160 de
1126 2105 1223 2161 morte
1242 2103 1361 2162 fuerant

348 2193 462 2250 incerti.
509 2193 587 2266 quod
615 2195 717 2251 autem
743 2191 820 2249 dixit
846 2194 927 2249 inter
953 2210 1036 2266 spem
1059 2195 1089 2249 et
1111 2195 1224 2251 metum
1246 2193 1360 2265 incerti,

348 2300 414 2357 spes
437 2281 567 2356 pertinet
590 2282 628 2338 ad
652 2281 754 2353 vitam,
772 2283 871 2339 metus
890 2280 929 2338 ad
947 2284 1081 2340 mortem.
1119 2281 1237 2339 Aeneae
1258 2284 1360 2341 contra
1372 2296 1392 2336 ro

347 2372 443 2427 maior
466 2369 558 2427 animi
581 2371 676 2427 virtus
695 2370 880 2444 exprimitur,
899 2371 953 2446 qui
970 2388 1025 2428 nec
1044 2370 1142 2428 cibum
1161 2370 1290 2445 sumpsit
1308 2389 1359 2429 neo

348 2459 534 2516 dissimulare
559 2478 578 2517 a
600 2458 723 2535 perditis
746 2460 847 2533 potuit
869 2477 923 2517 nec
947 2477 1048 2516 eorum
1068 2478 1170 2518 curam
1188 2459 1290 2533 posuit
1308 2460 1359 2534 qui

295 2555 346 2603 220
356 2541 483 2606 forsitan
515 2550 656 2623 poterant
687 2566 854 2622 superasse:
891 2548 1001 2607 idcirco
1034 2548 1078 2606 ait
1103 2550 1264 2621 praecipue
1289 2550 1359 2621 pius

346 2634 464 2694 Aerreos
481 2655 560 2694 oenc
578 2639 655 2695 orris
676 2636 776 2695 Ororetl
798 2655 877 2694 oues
897 2635 1002 2709 Arupci
1025 2654 1126 2694 casura
1145 2639 1234 2709 pererit
1252 2640 1279 2695 et
1295 2655 1358 2695 cru·

348 2726 424 2783 delio
441 2744 536 2784 secero
553 2729 619 2799 solo
632 2726 707 2798 chl
724 2727 882 2799 fortemque
898 2725 987 2798 Gporr
1004 2728 1162 2798 sortemque
1177 2725 1357 2785 Oloeetbruu.
1370 2738 1389 2779 o

348 2815 427 2890 quod
450 2815 494 2872 ait
517 2834 607 2890 supra
630 2834 731 2890 „spem
754 2815 840 2874 vultu
864 2815 999 2888 simulat,
1022 2814 1131 2889 premit
1154 2815 1250 2873 altum
1273 2815 1357 2874 corde

347 2901 505 2976 dolorem“‚
528 2904 584 2963 hoo
603 2905 694 2962 etiam
711 2904 760 2961 hio
779 2904 866 2962 dixit:
891 2922 990 2962 secum
1013 2903 1151 2981 gemebat
1174 2905 1357 2981 singulorum

347 3011 460 3066 casum,
488 3013 524 3050 ne
552 2992 703 3071 frangeret
731 2992 845 3050 animos
869 2998 1045 3067 ceterorum,
1069 2996 1099 3051 et
1123 3011 1190 3052 cum
1212 2993 1356 3051 maximus

346 3081 426 3157 apud
454 3102 521 3139 enm
549 3081 633 3141 ‹lolor
657 3086 746 3156 esset,
774 3100 885 3158 magna
907 3086 1008 3139 tamen
1032 3082 1142 3140 virtute
1164 3081 1287 3157 tegebat
1310 3101 1356 3160 ge·

345 3172 437 3230 mitus
460 3190 536 3230 suos.
1367 3186 1388 3227 ³⁰

419 3382 432 3427 1
462 3377 580 3429 consulti
602 3375 654 3428 th
680 3376 722 3429 ed.
746 3376 888 3430 consulto?
998 3380 1011 3427 7
1036 3376 1111 3429 ultre
1134 3376 1238 3429 rualem
1262 3377 1304 3430 ed.

347 3452 379 3500 10
402 3449 550 3515 specierum
579 3464 631 3500 om.
657 3447 700 3500 ed.
810 3452 842 3497 11
871 3449 929 3515 repr'
956 3448 1028 3500 aliut
1051 3446 1103 3499 LR
1130 3447 1210 3500 aliud
1236 3464 1290 3502 om.
1315 3446 1357 3501 eb,

400 3523 432 3571 13
453 3519 530 3588 looye
548 3518 608 3572 LR
701 3523 733 3569 14
753 3519 833 3571 debir·
850 3517 871 3569 L
891 3518 975 3572 dubio
992 3518 1018 3569 R
1038 3517 1088 3570 sed
1106 3517 1180 3571 infra
1199 3520 1305 3574 incerti.

345 3594 378 3642 22
403 3608 421 3643 o
440 3589 558 3657 perditis
580 3588 632 3641 LR
656 3589 704 3642 erlI
732 3589 767 3643 cf.
787 3593 839 3643 202
867 3590 900 3642 de
918 3607 948 3657 p
973 3589 1038 3643 edF
1074 3591 1077 3655 Ι
1112 3590 1238 3656 deposuit
1263 3591 1304 3643 etl

337 3666 377 3710 23
395 3676 543 3727 severasse
554 3660 607 3713 Ml
620 3677 757 3732 superesse
774 3678 788 3712 r
806 3660 850 3713 ed
906 3665 940 3712 24
961 3660 1071 3715 Orontis
1085 3660 1137 3712 th
1156 3661 1206 3714 sed
1220 3666 1273 3715 305
1287 3661 1353 3715 Don

306 3726 434 3853 ἐνοπῇ
445 3732 571 3801 scripsit.
671 3739 704 3789 27
725 3735 809 3790 etiarn
828 3733 872 3788 hic
888 3731 1009 3786 the'
1001 3749 1057 3801 epse
1075 3732 1119 3784 erl
1204 3738 1237 3785 29
1257 3749 1356 3804 mopso

385 3814 404 3851 e
