3250 4350
641 407 644 412 ’
708 433 890 488 Annamos
909 434 935 487 r
1269 434 1335 498 439

320 603 372 662 sed
394 604 549 662 intellectu
571 604 728 664 latissima.
764 605 894 679 primum
919 604 1029 679 quippe
1050 603 1130 678 quod
1147 602 1223 662 dixit
1241 604 1336 662 visuri

320 693 475 752 Aeneadas
495 695 638 768 expressit
656 695 860 768 plenissimam
876 692 995 751 laudem
1011 694 1221 751 Troianorum:
1239 706 1346 769 neque'

320 785 400 840 enim
423 783 488 841 sola
510 782 649 841 ludorum
671 783 810 857 voluptas
834 781 962 840 ducebat
979 783 1142 855 universos,
1160 801 1227 840 cum
1245 800 1334 840 unus·

321 871 447 946 quisque
479 871 518 929 ad
548 872 605 930 hoc
635 874 836 945 concurreret,
863 873 898 929 ut
925 872 1016 928 etiam
1044 868 1144 931 nosset
1170 870 1334 930 Aeneadas.

291 964 406 1019 serant
429 963 539 1033 tamen,
562 963 669 1038 inquit,
692 963 772 1019 inter
794 961 875 1035 ipsos
899 961 952 1035 qui
974 961 1066 1018 etiam
1089 959 1188 1018 studio
1217 978 1334 1035 quoque

320 1050 454 1108 certandi
483 1050 661 1108 ducerentur
687 1049 805 1126 capturi
833 1069 869 1107 ex
896 1050 964 1108 risu
987 1050 1181 1108 Troianorum
1205 1049 1336 1126 gratiam

320 1141 350 1197 et
374 1139 561 1197 commodum
584 1139 619 1197 dc
643 1141 812 1198 certamine.
835 1141 929 1196 'tanti
952 1140 1052 1197 antem
1071 1137 1283 1211 confluxerant,
1301 1140 1336 1195 ut

318 1227 511 1285 latitudinem
534 1228 659 1286 litorum
682 1228 908 1303 conplevissent.
953 1245 1077 1286 munera
1095 1228 1245 1301 principio
1269 1229 1336 1284 oute

320 1317 415 1374 oculos
437 1319 568 1389 circoque
589 1317 723 1376 locantur
744 1319 778 1376 iu
795 1318 904 1376 medio:
927 1335 994 1375 cum
1013 1316 1182 1374 contionem
1202 1315 1327 1374 haberet
1337 1321 1391 1370 110

280 1426 306 1464 rc
321 1405 436 1465 Aeneas
459 1408 490 1463 et
512 1406 600 1466 ludos
624 1406 760 1481 ediceret,
783 1406 923 1481 promisit
946 1424 977 1464 se
1005 1405 1096 1481 digna
1122 1405 1256 1480 praemia
1284 1405 1334 1463 da-

319 1498 421 1553 turum
448 1513 511 1553 esse
539 1498 710 1568 certaturis,
739 1514 815 1571 quae
842 1514 889 1553 res
915 1494 1074 1553 nonnullos
1099 1494 1273 1568 adduxerat,
1301 1496 1335 1552 ut

318 1584 431 1642 vellent
463 1583 560 1642 subire
594 1587 766 1643 certamina.
812 1583 864 1641 scd
897 1585 969 1657 quia
999 1585 1158 1658 promissio
1189 1602 1334 1642 nonnum·

318 1692 410 1747 quam
442 1675 586 1731 minorem
619 1675 729 1732 retinet
755 1672 857 1747 fidem,
889 1691 1012 1731 munera
1040 1673 1106 1747 ipsa
1133 1676 1202 1730 ante
1230 1664 1335 1747 coepta

319 1762 516 1819 certaminum
534 1762 632 1820 medio
652 1764 729 1821 circo
747 1761 904 1837 proposuit
919 1764 949 1819 et
963 1761 1072 1820 obiecit
1087 1761 1179 1819 oculis
1194 1763 1335 1834 omnium,

274 1872 302 1910 15
317 1857 360 1907 ut·
376 1851 509 1909 volentes
533 1853 629 1928 magis
653 1852 765 1911 vellent
788 1853 902 1909 certare
922 1853 951 1908 et
970 1850 1117 1925 qualitate
1135 1850 1335 1924 praemiorum

319 1938 412 1997 etiam
434 1939 524 1997 inviti
547 1943 731 2018 cogerentur.
769 1940 907 2014 circoque
930 1939 1068 1997 locantur
1089 1940 1122 1995 in
1145 1938 1252 2012 medio,
1275 1958 1335 1997 non

320 2047 378 2103 quo
408 2047 512 2086 revera
541 2031 635 2089 cneus
664 2029 769 2088 fuisset
797 2030 961 2102 extructus,
989 2028 1041 2086 sed
1068 2029 1101 2085 in
1129 2027 1227 2102 spatio
1256 2028 1336 2102 quod

318 2117 357 2176 ad
385 2119 479 2177 vicem
514 2117 585 2177 circi
616 2120 714 2178 fuerat
745 2118 942 2194 designatum.
992 2118 1025 2175 in
1057 2116 1155 2176 medio
1188 2116 1268 2191 ideo,
1299 2120 1335 2176 ut

319 2226 337 2264 a
362 2208 548 2266 circumfusis
572 2209 678 2284 populi
700 2207 836 2283 partibus
859 2207 956 2266 videri
974 2208 1151 2282 potuissent.
1188 2208 1267 2266 socri
1284 2210 1335 2266 tri-

270 2317 302 2355 ac
313 2298 406 2369 podes
429 2298 592 2370 uiridesque
615 2314 737 2355 coronae
760 2301 786 2355 ct
802 2298 938 2369 palmae:
960 2317 1052 2372 quare
1070 2294 1166 2355 haec?
1195 2298 1334 2369 pretium,

317 2386 426 2459 inquit,
449 2388 613 2454 victoribus,
636 2386 762 2445 honores
786 2385 900 2444 scilicet
919 2389 949 2443 et
968 2385 1049 2461 quod
1066 2385 1188 2444 victoris
1208 2385 1334 2463 gloriam

317 2477 486 2532 testaretur.
534 2493 658 2533 coronae
686 2478 716 2533 et
743 2475 861 2550 palmae
889 2476 1005 2550 positae
1028 2476 1148 2532 fuerant
1171 2492 1259 2548 super
1281 2476 1334 2531 tri-

317 2563 417 2638 podes.
464 2582 604 2637 armaquc
628 2568 653 2622 ct
676 2568 751 2622 ostro
769 2565 912 2637 perfusae
939 2568 1042 2630 uestes,
1071 2566 1185 2636 urgenti
1212 2566 1336 2636 aurique

318 2653 441 2710 talentu:
464 2670 530 2711 ecce
554 2656 584 2711 et
606 2653 661 2712 illa
684 2654 841 2729 proposuit
865 2671 941 2727 quae
963 2653 1077 2711 maiore
1100 2654 1197 2726 pretio
1221 2655 1334 2710 certan-

270 2761 300 2801 25
317 2744 384 2798 tum
417 2741 539 2801 divitias
572 2761 680 2819 augere
712 2743 887 2817 potuissent.
933 2743 1020 2799 tanta
1051 2744 1150 2799 autem
1178 2742 1334 2818 largientis

318 2831 406 2903 copia
433 2830 505 2904 fuit,
533 2833 567 2887 ut
594 2832 750 2905 proposita
776 2831 808 2888 in
837 2833 982 2905 quantum
1010 2830 1113 2904 modo,
1140 2849 1262 2888 numero
1286 2832 1334 2888 vel

316 2918 448 2993 pondere
470 2918 628 2977 finirentur
651 2920 710 2978 dici
732 2938 792 2977 non
815 2922 924 2995 posset.
970 2918 1104 2994 proinde,
1128 2920 1199 2993 quia
1222 2920 1334 2994 specia-

316 3009 375 3065 tim
399 3007 458 3066 dici
481 3028 540 3066 non
564 3009 732 3084 valuerunt,
755 3008 915 3083 conpendii
933 3026 1023 3067 causa
1041 3011 1138 3067 vestes
1157 3009 1334 3084 generaliter

316 3096 403 3168 dixit,
414 3116 497 3156 arma
507 3100 538 3155 et
548 3099 614 3155 auri
624 3100 714 3172 atque
727 3099 845 3174 argenti
858 3098 974 3156 talenta
988 3097 1128 3157 similiter
1141 3099 1333 3171 percucurrit.

392 3252 425 3300 10
443 3249 491 3302 aed
508 3250 595 3318 dignu
613 3248 665 3301 LR
682 3265 710 3303 se
729 3250 754 3302 d.
770 3268 784 3301 r
801 3266 829 3304 se
847 3251 985 3318 transpos.
1001 3248 1044 3302 ed.
1104 3255 1136 3301 14
1156 3250 1334 3302 cemorrriuum

315 3319 371 3371 th
390 3318 423 3371 cf.
443 3321 685 3385 fundamentorum
704 3325 798 3388 coeptu
818 3326 841 3386 7,
853 3325 903 3373 125
923 3321 1122 3373 certaminum
1140 3319 1227 3373 HOU
1246 3318 1288 3371 ed.

318 3396 423 3443 16-17
444 3407 500 3443 uou
519 3390 591 3459 quod
609 3390 675 3444 edF.
736 3396 769 3443 19
789 3392 827 3444 cd
845 3393 1019 3457 circumfusis
1036 3391 1088 3443 LR
1107 3409 1125 3443 o
1144 3408 1165 3444 c.
1185 3389 1271 3444 HOU
1290 3390 1333 3443 ed.

316 3481 335 3515 u
355 3462 517 3525 circumfusi
534 3479 555 3515 r.
629 3467 661 3513 21
681 3463 796 3516 honores
814 3462 866 3514 LR
885 3462 928 3515 ed.
947 3464 1091 3516 honorem?
1117 3465 1121 3527 Ι
1150 3468 1175 3515 et
1194 3479 1247 3515 om.
1263 3461 1305 3515 ed.

316 3536 432 3587 rumores
450 3532 502 3584 LR
521 3549 589 3586 corr.
604 3550 618 3584 r
636 3532 679 3587 ed.
767 3538 800 3585 26
820 3540 852 3587 ut
868 3534 1009 3601 proposita
1028 3531 1081 3585 LR
1100 3532 1142 3586 ed.
1162 3540 1193 3587 ut
1211 3532 1265 3586 del.
1285 3551 1306 3587 r.

315 3608 349 3658 rTu
369 3606 600 3671 quantummodo
619 3603 640 3655 L
663 3605 695 3657 r'n
713 3610 847 3673 quantum
866 3622 899 3657 m.
919 3603 945 3656 R
967 3612 999 3657 ut
1017 3610 1123 3672 quanto
1141 3621 1175 3657 m.
1195 3622 1209 3655 r
1231 3606 1333 3672 specim

316 3678 368 3729 tr'm
391 3692 461 3742 quae
484 3675 526 3727 ed.
618 3680 651 3727 Ἡ
675 3676 828 3729 lenirentur
846 3675 898 3727 LR
921 3680 1075 3729 tenerentur
1092 3692 1106 3726 r
1125 3675 1167 3727 ed.
1187 3676 1335 3741 finirentur

315 3763 376 3800 nos.
408 3747 412 3817 l
441 3753 533 3869 {nosset
551 3745 603 3798 LR
617 3752 729 3815 possent
747 3746 789 3800 ed.
877 3751 911 3798 28
929 3747 1074 3801 coluerunt
1092 3746 1134 3799 ed.
1222 3751 1256 3798 29
1270 3762 1334 3815 pcr-

315 3818 439 3872 eurrr'te
462 3859 467 3869 .
