3250 4350
727 417 909 473 AENEIDOS
928 418 941 472 I
1298 420 1341 486 85

324 587 430 646 vulsae
453 586 541 646 undis
563 607 692 663 curaque
711 591 882 662 supersunt:
906 589 959 665 qui
976 588 1044 647 vult
1061 587 1195 646 animum
1213 589 1341 650 dolentis
1398 650 1400 655 ,

322 678 518 749 conpetenter
547 679 682 735 excutere
710 676 857 753 separatis
881 678 1005 755 singulis
1029 678 1223 752 pronuntiare
1246 678 1341 753 debet,

324 766 390 837 vix,
424 767 459 823 at
491 765 659 824 ostenderet
691 783 721 824 se
753 785 864 844 magna
895 783 962 824 cum
995 766 1173 825 difficultate
1205 770 1341 841 evasisse,

322 856 453 929 septem,
484 856 519 911 ut
546 873 581 912 ex
607 874 716 932 magno
744 874 867 914 numero
895 857 1034 932 exiguum
1063 854 1137 931 quid
1168 860 1341 931 superesset,

294 943 485 1002 sconvulsac
517 942 605 1002 andis
638 962 767 1019 caroque
805 948 979 1019 supersunt,
1015 945 1071 1003 hoo
1103 947 1148 1003 est
1179 943 1341 1005 dissolutae

322 1031 439 1107 duplici
462 1033 551 1105 malo,
574 1033 606 1090 vi
628 1033 721 1091 maris
745 1036 776 1091 et
797 1035 1018 1108 tempestatum.
1056 1033 1094 1092 ad
1117 1033 1340 1109 adprobandam

322 1139 395 1179 vcro
420 1121 623 1180 calamitatem
646 1140 731 1181 suam
754 1124 853 1181 utitur
875 1123 1029 1181 occasione
1051 1121 1110 1180 loci
1136 1140 1171 1181 ac
1197 1123 1340 1198 temporis
1377 1201 1379 1204 ι

322 1209 450 1268 dicendo
463 1212 526 1285 ipse
545 1212 678 1288 ignotus,
692 1211 772 1287 quod
791 1213 887 1270 estin
905 1211 992 1270 rebus
1010 1211 1149 1271 humanis
1168 1215 1340 1287 extremum,

321 1300 356 1356 in
380 1299 486 1358 alienis
510 1301 598 1358 terris
621 1299 733 1360 nullius
755 1300 865 1360 habere
887 1299 1037 1374 notitiam,
1061 1317 1159 1377 egens,
1180 1302 1259 1377 quod
1282 1302 1341 1359 fuit

279 1408 307 1447 ro
321 1388 512 1446 infelicitatis
537 1392 739 1465 augmentum,
763 1391 789 1448 si
812 1389 891 1447 enim
914 1409 974 1447 non
998 1391 1106 1467 egeret,
1131 1408 1191 1449 non
1214 1393 1291 1449 esset
1313 1392 1341 1449 ei

322 1477 500 1552 cuiusquam
522 1478 633 1536 notitia
655 1479 830 1537 necessaria
876 1481 978 1537 iuncta
1000 1479 1095 1556 igitur
1117 1478 1239 1537 fuerunt
1261 1479 1341 1538 mala

321 1567 396 1639 duo,
424 1568 461 1624 ut
487 1566 657 1644 incognitus
689 1569 767 1626 esset
799 1570 829 1626 et
861 1585 962 1645 egens,
995 1570 1026 1626 et
1057 1567 1193 1626 additum
1226 1570 1271 1627 est
1302 1568 1341 1626 ad

322 1655 476 1713 cumulum
507 1656 656 1714 malorum
687 1659 722 1714 ut
754 1655 885 1715 solitudo
919 1675 1036 1731 quoque
1064 1658 1095 1714 et
1125 1656 1242 1715 deserta
1273 1675 1341 1715 con-

322 1747 490 1816 currerent,
522 1746 557 1802 ut
584 1730 660 1802 nihil
688 1745 726 1803 ad
752 1745 866 1804 victum
893 1744 942 1804 vel
970 1765 1005 1802 ex
1033 1744 1145 1821 agresti
1174 1745 1340 1804 ministerio

281 1853 307 1893 rs
322 1834 497 1907 suppeteret
523 1851 578 1891 nec
604 1834 790 1892 inveniretur
817 1834 967 1910 quispiam
994 1836 1047 1910 qui
1069 1835 1208 1892 miserere
1231 1836 1339 1908 posset.

322 1921 446 1996 Europa
474 1924 564 1997 atque
592 1922 665 1981 Asia
693 1923 810 1999 pulsus:
843 1923 918 1981 duas
943 1923 1038 1998 partis
1062 1923 1142 1983 orbis
1165 1924 1341 1996 nominarit,

322 2011 359 2069 de
383 2012 476 2069 tertia
498 2014 583 2086 parte
607 2012 759 2086 conticuit,
779 2029 856 2087 quae
875 2011 995 2071 Africae
1018 2012 1077 2071 fuit
1100 2014 1131 2071 et
1152 2013 1185 2070 in
1203 2013 1271 2087 ipsa
1289 2031 1340 2087 po-

322 2101 400 2157 situs
424 2100 611 2176 loquebatur.
1228 2099 1229 2102 ’

392 2189 534 2249 Dicturus
558 2190 649 2248 etiam
673 2191 733 2248 alia
755 2191 904 2249 malorum
928 2208 1050 2249 suorum
1072 2191 1140 2267 fuit,
1163 2190 1223 2264 sed,
1239 2190 1341 2249 Venus

279 2300 306 2339 aa
322 2280 397 2353 quia
428 2281 501 2338 nota
532 2279 638 2337 habuit
669 2281 808 2338 universa
840 2279 889 2338 vel
922 2280 994 2354 quia
1024 2280 1098 2338 haec
1127 2299 1187 2338 non
1214 2279 1342 2338 libenter

321 2366 497 2442 patiebatur
519 2366 644 2428 ulterius
669 2370 837 2427 enumerari
855 2369 903 2426 vel
922 2370 993 2443 quia
1012 2368 1185 2427 consulendi
1203 2371 1253 2427 via
1272 2371 1341 2426 ante

322 2459 442 2515 noctem
471 2457 571 2515 fuerat
593 2457 785 2531 maturanda,
813 2457 858 2516 ait
879 2475 932 2516 aaa
948 2458 1043 2531 plara
1066 2461 1229 2531 querentem
1246 2475 1342 2530 passa

328 2546 428 2603 Venas
454 2547 548 2605 medio
576 2549 619 2606 sie
644 2547 785 2619 interfata
810 2548 909 2605 dolore
932 2551 980 2605 est.
1027 2546 1157 2621 quiade
1181 2546 1341 2605 solitudine

322 2653 359 2691 ac
392 2633 557 2694 desertione
588 2636 757 2712 regionum,
790 2635 826 2694 de
857 2637 961 2712 inopia
993 2654 1111 2711 quoque
1143 2635 1242 2694 fuerat
1274 2654 1341 2692 eon·

279 2726 449 2797 acquestus
481 2727 513 2782 et
542 2724 728 2802 incognitum
761 2742 824 2784 sese
856 2726 1031 2783 narraverat
1063 2724 1214 2797 omnibus,
1241 2723 1341 2783 Venus

323 2813 456 2870 occurrit
480 2815 510 2870 et
532 2814 564 2870 in
588 2813 725 2871 omnibus
748 2831 885 2873 securum
907 2815 1050 2889 praestat.
1075 2815 1206 2886 quisquis
1232 2831 1270 2882 es,
1296 2816 1341 2871 in-

323 2902 405 2975 quit,
423 2904 608 2975 'perseverat
640 2902 750 2975 adhuc,
789 2904 876 2978 quasi
908 2920 975 2961 oum
1006 2901 1160 2977 incognito
1192 2903 1341 2978 loquatur,

322 2992 412 3064 quasi
436 2991 463 3047 si
485 2990 598 3049 diceret
620 2992 683 3050 sive
701 2990 818 3050 Aeneas
839 3009 869 3050 es
893 2991 955 3050 sive
974 2990 1129 3049 Troianus.
1164 2992 1237 3049 haut
1258 2992 1341 3048 eredo

323 3081 439 3137 invisas
471 3079 639 3138 caelestibus
674 3098 767 3138 auras
793 3080 892 3138 citatis
923 3082 1022 3152 carpis
1051 3080 1174 3152 Tyriam
1208 3082 1259 3153 qai
1291 3080 1341 3137 acl·

279 3191 306 3229 aa
324 3170 437 3227 veneris
456 3169 571 3227 arbem:
590 3168 656 3241 diis,
675 3168 783 3244 inquit,
801 3170 942 3244 propitiis
962 3171 1080 3228 constat
1095 3172 1126 3227 te
1144 3168 1239 3227 vitam
1257 3171 1342 3226 tuam

321 3258 444 3331 ducere,
472 3258 590 3332 quando
620 3261 689 3334 post
715 3257 834 3316 infinita
862 3257 986 3317 adversa
1013 3260 1131 3316 visurus
1159 3276 1189 3317 es
1218 3256 1341 3316 Cartha-

322 3349 433 3422 ginem.
480 3347 553 3405 haec
580 3347 737 3407 inserendo
764 3347 868 3421 procul
896 3346 985 3405 dubio
1014 3348 1147 3405 omnium
1177 3346 1342 3422 spondebat

396 3522 412 3569 6
433 3516 644 3584 approbaadam
662 3515 705 3569 ed.
776 3519 809 3567 10
829 3522 1019 3585 aspectantem
1038 3516 1081 3569 ed.
1157 3522 1189 3568 12
1208 3520 1273 3569 esset
1290 3513 1342 3566 th

321 3589 421 3653 sitisset
436 3587 479 3641 cd.
536 3592 569 3640 14
584 3588 735 3641 ministerio
749 3586 802 3639 th
815 3587 964 3641 solitudine
978 3586 1021 3640 ed.
1078 3592 1111 3640 15
1126 3587 1248 3641 misereri
1262 3585 1304 3638 ed.

325 3664 357 3742 lii
375 3660 467 3712 Venas
481 3675 534 3712 cm.
546 3658 595 3741 edl
612 3675 759 3741 sermonem
772 3658 923 3743 interrupit
934 3659 975 3712 ael
989 3657 1122 3729 interpol.
1132 3657 1201 3744 edil.
1253 3662 1293 3710 ‘le
1304 3672 1347 3740 se3

316 3729 504 3850 ereis
521 3730 753 3797 rs
811 3731 1384 3880 {lass,attestatas
