3250 4350
344 411 387 476 88
622 408 762 463 DONA'I'I
779 407 949 462 INTERPR
968 406 1077 460 VERG.

345 577 502 639 exeratur?
539 581 652 654 quanto
675 578 780 637 melius
799 582 864 635 erut
881 580 917 634 ut
933 579 1072 635 miseriae
1093 595 1179 635 mese
1201 595 1237 634 ex
1257 578 1359 652 aperto

345 671 451 728 metris
477 667 588 726 fabulis
615 667 787 726 levarentur
813 669 845 725 et
869 684 1029 742 congressu
1050 665 1241 724 dexterarum
1263 666 1361 741 pietus

345 778 408 817 sese
431 754 642 832 cognosceret?
676 774 731 814 nec
749 754 841 814 semel
857 755 914 813 hoc
931 754 1039 828 fecium
1056 755 1109 813 sed
1126 756 1255 831 saepius.
1293 773 1361 814 con·

345 846 447 906 stabat
472 847 553 906 enim
578 848 658 904 inter
684 847 765 920 ipsos
792 843 890 902 mults
916 847 947 903 et
973 845 1060 903 varin
1085 844 1178 904 firisse
1200 843 1362 919 conloquia

344 939 378 995 in
396 936 504 1014 quibus
521 936 638 993 Aeneas
656 937 687 992 et
710 934 796 991 vultu
818 935 924 991 matris
946 937 978 992 et
998 932 1106 991 habitu
1124 937 1156 992 et
1173 932 1361 992 sermonibus
1385 953 1395 993 s

344 1027 438 1085 falsus
465 1027 519 1085 est
563 1024 655 1101 longa
681 1026 751 1097 post
776 1023 943 1099 fugientem
969 1022 1117 1081 incusatio
1140 1026 1204 1080 esse
1227 1041 1289 1082 nou
1312 1021 1361 1080 de·

344 1117 423 1188 buit,
455 1114 506 1173 sed
538 1116 626 1172 tants
657 1115 772 1188 quantu
801 1114 904 1187 posset
934 1113 1090 1186 pervenire
1118 1111 1157 1169 ud
1185 1111 1267 1170 nuris
1295 1114 1362 1170 tots

345 1205 498 1263 eeleritate
520 1201 693 1262 recedentis.
729 1201 798 1258 hinc
821 1200 916 1278 igitur
937 1205 1055 1259 mature
1077 1200 1214 1259 discessit
1236 1219 1362 1276 carpens

344 1295 426 1352 viam
457 1292 496 1350 ed
526 1293 594 1367 ipsa
624 1292 744 1349 moenis
775 1289 955 1348 tendentem
1007 1289 1118 1349 idcirco
1149 1291 1285 1367 positum
1317 1292 1362 1348 est

292 1389 344 1436 410
354 1383 462 1442 talibus
487 1383 605 1439 iueueot
628 1397 815 1453 pressumque
842 1379 882 1437 ud
908 1381 1024 1437 moesia
1047 1380 1144 1438 tendit
1190 1377 1310 1436 addidit
1332 1383 1363 1436 u
1376 1400 1399 1440 ro

352 1472 449 1530 Venus
480 1471 600 1528 obscuro
629 1468 792 1542 erudientis
824 1484 892 1526 aere
922 1470 1032 1541 saepsit
1063 1472 1089 1525 et
1118 1468 1209 1526 multo
1238 1467 1364 1526 nebulae

344 1563 454 1618 circum
471 1560 527 1618 deu
544 1559 625 1631 fudit
641 1559 758 1624 amictu,
776 1574 891 1616 cernere
910 1575 948 1616 ue
969 1559 1035 1630 orris
1058 1575 1105 1615 eos
1126 1574 1185 1615 reu
1207 1559 1274 1629 quis
1297 1573 1363 1616 cou-

345 1652 453 1722 tinem
466 1653 566 1722 poscet
587 1648 720 1705 molirive
741 1663 855 1704 morum
877 1651 931 1704 out
952 1647 1088 1704 effluendi
1104 1663 1224 1718 poscere
1246 1663 1363 1705 cuueuu

345 1757 405 1796 non
432 1741 534 1795 temen
561 1735 678 1794 suffecit
704 1735 795 1794 metri
823 1735 904 1811 quod
929 1735 1028 1794 verbis
1051 1737 1235 1794 instruxerat
1257 1735 1364 1809 filium,

345 1827 416 1886 lieet
447 1827 537 1886 sciret
569 1824 672 1883 eudem
703 1825 804 1884 omnis
836 1824 1026 1899 conposuisse
1057 1823 1245 1882 Mercurium.
1292 1842 1364 1883 nem
1378 1843 1400 1886 rs

346 1917 488 1991 quattuor
516 1915 613 1973 causis
640 1917 776 1989 permota
803 1915 903 1971 euntis
930 1912 1010 1971 nube
1037 1914 1133 1972 multa
1158 1913 1364 1988 circumdedit,

346 2024 396 2077 ne,
424 2006 586 2078 autequam
614 2003 651 2061 ad
678 2005 777 2077 ipsum
798 2001 948 2060 Didonem
972 2003 1176 2078 pervenirent,
1204 2007 1257 2060 sut
1280 2003 1364 2062 vide·

345 2096 449 2151 rentur
477 2092 514 2151 ab
543 2092 643 2168 aliquo
671 2094 725 2150 sut
752 2092 996 2169 contingerentur
1024 2095 1078 2150 aut
1099 2092 1178 2150 visos
1202 2093 1364 2167 quisquam

346 2181 633 2259 interrogationibus
656 2183 747 2240 variis
771 2181 918 2240 detineret
935 2182 984 2240 vel
1002 2184 1081 2241 certe
1099 2181 1238 2240 veniendi
1257 2200 1363 2241 causus

347 2273 502 2347 exquirens
526 2270 753 2346 properantibus
776 2289 876 2328 morus
899 2271 1042 2344 adferret3
1070 2274 1139 2329 ante
1162 2273 1259 2329 noctis
1284 2273 1364 2329 enim
1378 2292 1402 2331 so

293 2362 492 2420 415tenebras
515 2363 669 2435 pervenire
692 2359 863 2418 debuerant.
900 2361 965 2432 ipso
987 2361 1123 2433 Paphum
1145 2360 1280 2417 sublimis
1304 2361 1366 2418 ubit

346 2452 481 2523 sedesque
513 2451 614 2508 reuisit
644 2450 720 2507 laetu
751 2467 836 2517 cuae,
866 2449 918 2507 ubi
950 2451 1087 2521 tempium
1117 2450 1162 2506 illi
1195 2453 1366 2523 centumque

346 2540 459 2598 ,S'ubueo
482 2544 546 2597 ture
569 2540 664 2596 cudent
685 2555 758 2595 arae
780 2540 921 2609 sertisque
942 2539 1103 2596 recentibus
1124 2539 1236 2596 liuluut

417 2628 591 2699 Corripuere
616 2630 693 2685 oium
714 2629 826 2685 intereo
849 2645 908 2699 quo
930 2630 1033 2685 semite
1054 2631 1205 2685 monstrnt
1247 2628 1366 2700 turupue

293 2718 550 2775 etouseeudebuut
571 2718 677 2783 collem,
698 2718 748 2787 qui
766 2717 916 2788 plurimus
938 2718 1006 2774 urbi
1028 2718 1149 2774 'inminet
1166 2718 1366 2789 aduersaeque
1379 2737 1404 2776 es

346 2811 474 2879 espectet
497 2806 620 2878 desuper
643 2823 732 2863 orces.
770 2805 930 2880 descriptio
954 2806 1012 2864 loci
1034 2805 1187 2863 inducitur
1206 2806 1258 2879 qui
1277 2824 1365 2881 opor·

347 2902 436 2953 tunus
460 2898 630 2953 occurrerat
653 2894 690 2951 ad
714 2896 869 2953 civitatem
891 2894 1088 2954 venientibus.
1125 2894 1213 2953 huius
1233 2895 1365 2954 altitudo

346 2984 500 3043 evidenter
531 3001 671 3057 expressa
703 2986 748 3040 est
778 3001 854 3057 quae
882 2983 958 3041 solet
985 3001 1047 3041 csse
1076 2983 1198 3041 collium
1226 2984 1258 3040 iu
1289 3002 1365 3059 qnos

347 3092 407 3131 non
431 3077 476 3132 est
498 3072 629 3130 difficilis
649 3090 796 3145 ascensus,
815 3073 986 3147 prospectui
1004 3076 1104 3131 temen
1123 3074 1154 3129 et
1172 3073 1365 3147 explorandis

347 3163 436 3220 rebus
460 3163 642 3237 aptissimus.
687 3162 775 3220 huius
798 3162 895 3219 latere
918 3162 960 3219 sic
984 3162 1102 3219 fuerent
1125 3162 1205 3234 fusa,
1233 3165 1268 3218 ut
1296 3182 1365 3237 pro·
1379 3183 1406 3223 so

347 3251 454 3309 liriore
482 3254 580 3310 essent
608 3249 645 3308 ab
669 3269 704 3308 ea
727 3254 811 3325 purte
836 3269 895 3325 qua
918 3252 1024 3308 civitas
1048 3249 1113 3307 fuit.
1161 3250 1290 3325 denique
1314 3250 1365 3309 ud·

421 3446 433 3491 1
454 3445 582 3492 erueretur
601 3437 652 3490 LR
670 3444 731 3491 ortu
748 3440 786 3491 eit
804 3438 847 3490 ed.
925 3442 940 3488 2
959 3438 1065 3502 februis
1083 3437 1135 3490 LR
1153 3438 1242 3491 eerbic
1260 3438 1327 3492 edF.

348 3516 438 3565 3cese
457 3517 624 3580 eoyuoseeret
641 3509 694 3562 LR
717 3509 745 3575 (i.
761 3525 783 3562 e.
804 3508 934 3576 invicem)
957 3514 1160 3578 eoquoseeretur
1184 3508 1287 3562 omisso
1310 3527 1365 3564 sese

349 3582 391 3634 ed.
447 3581 593 3635 8deeessit
611 3581 654 3635 ed.
712 3587 743 3632 12
762 3580 1006 3645 ciruerrfudr'tdea
1021 3580 1155 3633 LRoorr.
1171 3598 1192 3633 r.
1249 3586 1283 3632 13
1302 3598 1364 3649 pos·

342 3655 384 3705 eit
398 3652 458 3704 Mt.
530 3659 565 3705 14
583 3653 690 3719 suffecit
708 3650 729 3703 L
748 3652 853 3717 suffieit
871 3651 896 3703 R
915 3651 957 3703 ed.
1028 3657 1061 3704 16
1077 3658 1202 3719 permoto
1220 3651 1272 3704 LR
1292 3659 1365 3707 motu

329 3720 371 3771 ed,
441 3726 481 3775 20
498 3741 607 3779 moram
627 3725 693 3779 ed·
740 3729 773 3778 23
794 3726 910 3781 sobueuo
925 3722 990 3776 Lu.
1055 3728 1089 3774 Ἦ
1110 3724 1265 3776 incurrerat
1284 3724 1327 3776 ed.

314 3793 353 3839 28
370 3792 519 3849 eeeilereter
538 3814 593 3851 orn.
611 3798 640 3853 R
660 3799 731 3854 add.
745 3818 767 3855 r.
787 3800 793 3872 l
815 3798 934 3856 coitibus
954 3795 1000 3850 ed.
1068 3799 1103 3846 tt
1122 3794 1236 3858 iuuerit
1252 3794 1298 3844 ed.
