3250 4350
591 439 610 484 .’
679 430 864 486 camisos
882 432 900 484 L
963 453 966 459 ·
1254 432 1298 496 ᾖ)

274 620 378 678 regem
401 603 518 677 poetice
540 599 657 660 inducit
676 600 809 676 dicitque
827 601 867 659 ad
885 620 953 659 eum
971 600 1116 660 lunonem
1134 601 1300 678 supplicem
1329 649 1331 651 .

275 690 423 764 locutam,
455 709 523 749 cum
554 689 647 749 verba
678 691 742 748 eius
775 707 835 749 non
867 692 967 749 essent
998 691 1212 766 supplicantis,
1247 690 1300 750 sed
1384 706 1390 718 ·

274 778 415 838 iubentis.
470 779 636 856 supplicem
657 797 735 857 ¹engo
767 778 1018 856 intellegendum,
1050 779 1130 854 quod
1161 781 1229 856 ipsa
1260 780 1299 849 ad
1383 776 1388 791 “

276 887 347 926 eum
367 869 452 927 venit
475 871 505 926 et
527 868 628 926 locuta
652 870 697 928 est
718 868 806 928 haec:
838 867 940 936 Aeolo,
968 885 1095 941 numae
1121 869 1175 927 titt
1196 869 1298 928 duum
1316 874 1350 922 65

276 961 365 1029 puter
377 960 473 1030 ¹cique
494 957 645 1016 domicum
666 975 720 1016 reu
742 961 768 1016 ct
789 958 915 1016 mulcere
936 957 1017 1016 dedit
1033 959 1140 1028 studes
1158 961 1185 1016 et
1201 959 1299 1016 tollen

278 1049 377 1104 cerdo:
408 1046 488 1105 hunc
510 1046 610 1105 locum
632 1048 659 1104 si
682 1048 750 1122 quis
769 1048 919 1106 attentius
943 1045 1177 1124 diligentiusque
1201 1046 1299 1106 diseu-

275 1136 352 1207 tiat,
378 1134 457 1194 nihil
485 1135 566 1210 quod
594 1153 654 1193 nou
681 1136 807 1194 miretur
830 1134 978 1210 inveniet3
1009 1138 1056 1194 est
1075 1136 1158 1194 enin
1181 1137 1246 1194 arte
1268 1138 1300 1195 et

273 1223 448 1284 subtilitate
471 1223 782 1284 dieentsedmodum
804 1225 941 1284 satiatus.
990 1243 1061 1283 nam
1084 1227 1183 1300 coepit
1205 1244 1224 1283 a
1246 1242 1298 1284 no·

272 1315 371 1388 mine,
399 1312 480 1388 quod
509 1314 609 1389 ipsum
635 1330 690 1381 nec
712 1313 858 1372 lunonem
884 1313 1029 1372 humilem
1056 1332 1110 1372 uec
1132 1313 1226 1372 Aeolo
1253 1315 1298 1372 in·

275 1404 389 1462 iuriam
402 1403 482 1460 fecit.
516 1404 618 1477 potior
636 1403 747 1479 quippe
766 1404 793 1462 si
810 1402 983 1462 inferiorem
1002 1402 1121 1461 nomine
1135 1421 1190 1461 suc
1202 1405 1298 1475 vocet,

275 1495 307 1549 et
333 1509 366 1553 se
394 1490 567 1550 benivolum
594 1493 743 1550 monstret
772 1495 802 1550 et
829 1492 877 1550 illi
899 1491 978 1550 unde
1001 1490 1133 1568 gaudeat
1155 1490 1298 1562 submini-

275 1583 361 1640 stuat
404 1580 562 1656 pulchrum
585 1584 631 1639 est
654 1582 742 1653 enim,
765 1583 791 1640 si
813 1581 953 1639 inferiore
977 1582 1009 1639 in
1032 1581 1097 1639 loco
1120 1583 1236 1656 positus
1258 1583 1299 1640 sit

276 1670 419 1747 cognitus
442 1670 553 1746 potiori
575 1669 756 1745 perindeque
780 1689 866 1729 carus
889 1673 1088 1745 acceptusque
1106 1672 1297 1730 monstratur.

277 1759 352 1818 iecit
379 1778 450 1837 ergo
474 1757 637 1819 secundum
660 1755 734 1817 artis
757 1763 918 1834 praecepta
940 1758 1124 1818 benivolum:
1156 1758 1231 1817 facit
1253 1763 1297 1817 at-

277 1850 410 1922 tentum,
434 1866 502 1907 cum
525 1849 601 1907 dicit
622 1865 751 1924 namque
773 1848 832 1906 tibi
854 1848 957 1906 divum
981 1850 1180 1923 peteretque
1203 1849 1298 1906 homi-

274 1957 349 1998 num
376 1957 429 1996 rex
459 1940 490 1996 et
512 1938 641 1996 mulcere
665 1937 748 1996 dedit
770 1937 878 1996 fluctus
902 1937 1060 1996 attollere
1083 1939 1182 1995 vento.
1227 1956 1295 1995 nam

275 2025 383 2085 exinde
407 2029 540 2085 conicere
564 2026 677 2086 Aeolus
700 2028 802 2102 potuit
830 2025 964 2086 officium
990 2045 1077 2084 suum
1099 2025 1209 2084 Iunoni
1235 2043 1298 2084 esse

274 2117 490 2190 necessatium,
519 2134 587 2175 cum
609 2114 761 2175 subtiliter
783 2118 948 2176 conventus
971 2115 1105 2175 audisset
1130 2114 1239 2175 habere
1267 2133 1297 2174 sc

274 2206 307 2262 in
329 2207 435 2263 ventos
458 2205 663 2280 plenissimam
685 2209 875 2281 potestatem.
917 2225 954 2264 ne
977 2208 1078 2265 autem
1102 2204 1298 2281 adrogantem

275 2294 391 2352 faceret
417 2292 574 2368 Iunonem,
607 2295 651 2352 ait
683 2293 784 2353 divum
817 2298 905 2372 pater
937 2297 1027 2370 atque
1056 2294 1210 2353 hominum
1237 2313 1296 2351 rex.

274 2401 337 2441 non
365 2382 442 2440 dixit
468 2383 562 2441 frater
592 2400 674 2441 meus
704 2386 734 2441 et
756 2383 883 2443 maritus
906 2402 1003 2457 meus,
1026 2385 1061 2441 ut
1084 2382 1298 2459 supraposuit

275 2474 344 2546 „ast
366 2490 435 2549 ego,
464 2491 542 2546 quae
565 2472 666 2530 divum
690 2472 794 2531 incedo
817 2472 922 2550 regina
944 2471 1084 2548 Iovisque
1108 2473 1139 2529 et
1161 2489 1246 2530 soror
1267 2475 1298 2529 et

275 2558 433 2618 coniunx“.
478 2559 542 2618 illic
564 2562 654 2635 enim,
678 2560 730 2619 ubi
753 2579 853 2634 secum
875 2562 978 2620 locuta
1001 2564 1055 2634 est,
1078 2563 1105 2619 si
1128 2560 1297 2635 specialiter

274 2649 332 2708 hcc
360 2650 462 2724 posuit
489 2649 573 2709 nullo
601 2650 755 2725 audiente,
783 2650 932 2728 adrogans
955 2650 1084 2710 iudicari
1105 2669 1166 2709 non
1188 2650 1296 2724 potuit,

274 2738 326 2796 hic
349 2757 420 2797 vero
445 2756 512 2797 cum
535 2737 609 2798 dicit
630 2757 759 2815 namque
782 2739 840 2798 tibi
862 2739 965 2798 divum
987 2741 1184 2815 peteretque
1202 2738 1296 2797 homi·

274 2847 350 2886 num
367 2846 427 2902 rex,
441 2827 578 2905 intellegi
595 2828 696 2903 potius
715 2828 812 2887 voluit
831 2847 923 2904 quam
940 2826 1008 2887 dici.
1040 2847 1101 2887 non
1118 2829 1199 2887 enim
1217 2827 1298 2903 apud

274 2936 345 2976 eum
373 2916 552 2991 loquebatur
580 2918 633 2992 qui
660 2936 719 2976 non
748 2936 815 2976 eam
837 2919 946 2976 nosset
992 2916 1084 2975 dictio
1107 2920 1209 2975 autem
1230 2917 1297 2991 ipsa

274 3024 312 3065 ne
342 3007 421 3065 esset
447 3005 564 3082 prolixa
592 3008 623 3064 et
649 3006 813 3083 plurimum
840 3005 983 3083 temporis
1006 3009 1134 3079 teneret,
1159 3005 1227 3082 ipsa
1248 3023 1297 3064 cc·

275 3095 357 3155 culte
384 3093 444 3153 sibi
472 3094 614 3171 proponit
646 3114 737 3170 quse>
751 3095 789 3154 ab
817 3096 912 3155 Aeolo
944 3098 1066 3170 possent
1097 3095 1296 3154 excusationis

275 3200 368 3241 causa
400 3183 556 3258 precandi
584 3186 615 3242 et
641 3185 708 3259 ipsa
735 3184 796 3243 illis
824 3184 984 3260 respondet
1014 3184 1072 3259 ita,
1104 3187 1139 3242 ut
1170 3184 1296 3242 ulteriss

275 3271 378 3331 accedi
404 3290 465 3331 non
492 3276 599 3347 posset.
643 3272 773 3348 denique
801 3291 839 3331 ne
867 3273 979 3331 diceret
1001 3273 1112 3332 Aeolus
1138 3291 1198 3331 non
1225 3276 1297 3331 suut

349 3467 363 3511 2
379 3461 564 3528 supplicantes
577 3460 630 3513 LR
643 3461 777 3529 supplicis
790 3462 858 3514 ante
872 3478 929 3514 oco
943 3461 986 3513 ed.
1043 3466 1058 3513 6
1073 3466 1165 3514 centos
1179 3460 1222 3513 ed.

276 3536 290 3583 9
310 3533 402 3599 ipsam
419 3530 463 3584 ed
540 3535 573 3584 10
591 3532 661 3598 facit
679 3531 722 3586 ed.
797 3537 830 3586 11
851 3531 1066 3585 cccccccccc.
1133 3536 1166 3584 12
1183 3531 1297 3599 poscitis

275 3605 316 3659 sit·
332 3602 359 3656 a
382 3618 452 3656 corr.
477 3619 498 3655 r.
609 3608 642 3656 14
664 3619 728 3673 erqo
750 3602 803 3656 tlt
826 3604 899 3656 metit
922 3602 966 3656 ed.
1001 3606 1005 3672 Ι
1042 3604 1112 3669 fucit
1131 3609 1157 3657 et
1180 3602 1224 3657 ed.

277 3679 308 3729 1⁶
326 3680 421 3729 centos
440 3672 484 3727 ed.
595 3679 629 3728 18
647 3674 798 3730 subtilitate
816 3674 861 3728 ed.
896 3675 901 3744 Ι
935 3681 1080 3729 censemus
1098 3673 1120 3726 t
1138 3679 1297 3728 monoculus

276 3744 519 3801 llcimmocntuc
537 3743 581 3799 cd.
661 3750 695 3799 20
714 3745 852 3800 lunonem
870 3744 892 3797 L
912 3745 1028 3816 Iunofss
1043 3745 1069 3797 It
1088 3761 1151 3798 cum
1169 3760 1223 3798 ras.
1289 3788 1292 3793 .

278 3822 307 3868 21
326 3823 353 3872 et
370 3814 423 3868 tn
444 3820 525 3885 atque
544 3815 588 3870 cd.
1052 3848 1054 3851 <
