3250 4350
640 431 888 511 ‚prodamur
1267 435 1289 499 3

263 623 328 662 non
351 604 465 678 potuit,
492 602 678 678 perditisque
702 603 808 678 opibus
831 602 930 679 regni,
957 604 1045 662 tanta
1068 605 1184 662 stillio
1207 604 1289 680 apud

263 693 359 751 llium
383 694 415 751 et
437 711 506 750 cum
528 691 655 768 genitali
677 692 741 751 solo
764 690 937 751 truderetur
959 709 1022 751 esse
1044 711 1227 768 perpessum,
1250 695 1287 752 ut

265 782 362 841 cuivis
390 780 531 840 credibile
558 799 622 841 esse
649 782 745 856 possit
777 781 853 839 talia
876 780 964 840 illum
987 800 1047 840 non
1069 781 1161 841 fuisse
1183 801 1287 858 passu·

266 889 348 944 rum,
381 870 441 931 nisi
471 871 536 928 iure
564 868 633 928 deos
662 871 758 928 omnis
785 869 939 929 habuisset
967 870 1105 944 infestos,
1133 871 1214 946 quod
1242 876 1289 931 est

235 959 376 1034 sprocul
395 957 487 1018 dubio
510 959 711 1033 criminosum,
735 961 765 1017 et
789 960 842 1034 qui
864 958 906 1017 sio
929 959 1025 1017 vitam
1048 978 1134 1019 suam
1157 959 1289 1034 duxerit,

267 1052 304 1107 ut
332 1048 504 1124 displiceret
531 1047 667 1109 omuibus
694 1049 825 1124 superis,
852 1047 1031 1122 nullumque
1058 1049 1218 1125 fautorem,
1249 1068 1287 1108 ne

265 1139 367 1213 ipsum
394 1136 516 1213 quidem
543 1154 633 1197 avum
661 1156 748 1196 suum
771 1136 873 1196 Iovem
898 1136 1008 1196 habere
1031 1138 1161 1200 valuerit
1171 1182 1288 1197 .......

265 1229 380 1304 purgat
403 1244 473 1304 ergo
496 1226 570 1284 haec
592 1227 669 1289 mira
687 1229 752 1285 arte
768 1225 931 1303 Vergilius,
951 1229 982 1284 et
1003 1245 1063 1284 non
1086 1230 1204 1285 tantum
1227 1227 1286 1294 col-

264 1316 347 1375 lecta
369 1316 403 1374 in
424 1316 530 1390 primis
554 1314 701 1389 versibus,
729 1320 763 1374 ut
785 1334 854 1374 mox
878 1314 1045 1390 apparebit,
1068 1334 1169 1374 verum
1194 1318 1287 1376 etiarn

224 1427 252 1467 re
265 1423 374 1481 sparsa
397 1423 451 1479 per
473 1404 569 1462 omnis
592 1403 684 1465 libros
706 1403 869 1463 excusabili
888 1403 1066 1478 adsertione,
1085 1409 1124 1479 et,
1144 1405 1223 1480 quod
1241 1409 1288 1465 est

265 1494 377 1553 summi
400 1495 541 1564 oratoris,
565 1493 723 1552 confitetur
745 1495 804 1552 ista
827 1512 904 1568 quae
931 1496 1037 1582 pegari
1063 1512 1123 1553 non
1145 1497 1287 1570 poterant

264 1586 296 1641 et
319 1584 501 1643 suminatam
524 1581 764 1642 criminationem
786 1584 935 1660 convertit
958 1584 990 1640 in
1013 1583 1142 1658 laudern,
1160 1587 1195 1642 ut
1216 1584 1286 1643 inde

263 1673 391 1731 Aenean
418 1670 582 1747 multiplici
608 1673 726 1731 ratione
754 1673 949 1748 praecipuum
981 1671 1118 1731 redderet
1147 1672 1224 1732 unde
1253 1675 1287 1732 in

263 1764 366 1836 ipsum
390 1762 492 1836 posset
514 1760 693 1820 obtrectatio
717 1762 882 1820 convenire.
925 1762 1028 1836 itaque
1048 1764 1198 1837 conponit,
1217 1780 1286 1833 non,

223 1870 249 1915 rs
263 1853 299 1908 ut
331 1850 389 1909 alii
419 1851 542 1925 putant,
570 1851 711 1909 carminis
741 1852 845 1925 caput,
873 1849 939 1922 sed,
966 1853 1001 1908 ut
1028 1869 1082 1910 nos
1110 1850 1285 1926 adserimus,

263 1941 409 1999 carminis
435 1938 537 1998 thema
564 1941 652 1999 tauta
673 1939 843 1999 subtilitate
867 1940 955 2012 artis,
978 1941 1066 1997 utin
1090 1938 1205 2013 eodem,
1228 1940 1285 1996 hoc

262 2031 311 2089 est
338 2030 373 2088 iu
400 2029 465 2087 eius
491 2028 652 2103 brevitate,
680 2027 873 2086 latitudinem
900 2046 1041 2104 magnam
1067 2027 1163 2087 futuri
1186 2029 1284 2104 operis

263 2117 492 2178 demonstraret.
538 2116 726 2181 commendat
753 2117 785 2176 in
811 2117 911 2192 prima
933 2118 1137 2194 propositione
1165 2135 1285 2178 carmen

265 2226 356 2266 suum
382 2225 599 2282 personamque
628 2209 692 2266 eius
720 2210 750 2265 et
777 2209 864 2283 gesta
891 2224 980 2281 quem
1007 2206 1196 2284 purgandum
1219 2209 1283 2268 lau-

220 2295 457 2371 :dandumque
484 2298 656 2371 susceperat
678 2297 826 2371 simulque
849 2298 982 2371 partitur
1004 2294 1078 2371 quid
1104 2295 1182 2369 fato,
1211 2296 1284 2371 quid

263 2388 350 2448 extre
372 2385 470 2448 fatum
491 2401 649 2460 perpessus
672 2387 721 2459 sit,
739 2385 894 2444 subtiliter
916 2386 1086 2446 monstrans
1110 2402 1186 2459 quae
1205 2385 1282 2444 acci·

263 2474 342 2534 dunt
364 2474 429 2534 tato
452 2473 564 2536 nullius
586 2492 674 2549 posse
696 2473 810 2534 viribus
838 2475 988 2552 superari,
1015 2472 1198 2550 perindeque
1223 2493 1283 2532 non

264 2581 327 2624 esse
349 2563 434 2624 illius
457 2563 577 2638 crimen,
596 2563 623 2622 si
645 2581 815 2641 expugnare
837 2564 902 2623 fata
925 2583 986 2622 non
1008 2562 1115 2636 valuit,
1133 2563 1188 2622 illa
1209 2581 1282 2623 varo

266 2671 344 2727 quaa
371 2654 455 2712 extra
481 2653 579 2712 fatum
606 2651 826 2727 inponebantur
852 2651 1079 2712 adversantibus
1107 2651 1224 2728 superis
1253 2655 1283 2711 et

224 2740 381 2808 &Iunone
409 2741 558 2817 patientia
584 2743 615 2800 et
642 2742 754 2801 virtute
782 2740 875 2800 animi
904 2741 1110 2802 transmisisse.
1165 2740 1283 2801 nullum

265 2830 382 2890 interea
403 2830 524 2889 Aeneae
546 2830 674 2906 speciale
696 2831 837 2889 meritum
859 2829 951 2891 fuisse
974 2830 1113 2903 ostendit,
1136 2832 1173 2890 ut
1194 2829 1283 2890 Iuno-

267 2938 333 2978 nem
355 2919 504 2995 primitus‚
527 2918 633 2981 debinc
656 2920 751 2978 omnis
775 2919 845 2979 deos
869 2920 994 2979 sentiret
1016 2919 1160 2979 inimicos.
1211 2939 1282 2978 nam

268 3011 297 3067 et
313 3008 458 3068 Iunonem
481 3007 609 3074 strictim
631 3009 663 3066 in
685 3009 818 3068 themate
840 3010 915 3084 ipso,
935 3009 1026 3067 latius
1050 3010 1150 3067 autem
1168 3010 1200 3066 in
1218 3027 1282 3068 car-

268 3098 344 3156 mine
363 3097 475 3157 flustra
493 3096 634 3157 adversus
649 3096 771 3156 Aenean
789 3097 964 3156 inimicitias
983 3098 1146 3172 suscepisse
1164 3102 1194 3155 et
1210 3096 1281 3155 deos

341 3326 354 3371 1
373 3319 542 3389 persicisque
560 3320 612 3373 th
630 3338 680 3388 que
699 3337 751 3374 om.
772 3321 816 3373 ed.
872 3326 887 3372 3
907 3321 987 3373 illusa
1005 3320 1057 3373 LR
1075 3321 1164 3373 Ilium
1183 3320 1226 3373 ed.

275 3393 287 3440 '1
308 3393 373 3459 post
394 3392 513 3447 voluerit
533 3391 653 3453 lacunae
676 3392 758 3461 signa
780 3392 875 3461 posui,
903 3391 972 3459 quia
994 3397 1020 3445 et
1042 3392 1091 3460 qui
1114 3408 1177 3445 cum
1201 3396 1282 3446 ante-

272 3460 431 3518 cedentibus
449 3462 583 3531 coniungi
600 3479 657 3517 non
674 3466 777 3531 potest,
797 3462 847 3516 sed
866 3463 903 3515 ad
922 3462 1059 3531 spodosin
1079 3465 1189 3531 spectat
1206 3463 1281 3516 hanc

273 3528 336 3586 lere:
370 3549 434 3588 eum
460 3550 517 3587 non
544 3534 661 3604 dignum
689 3538 833 3588 auctorem
859 3533 960 3602 populi
983 3534 1103 3588 Romani
1127 3533 1225 3588 videri.

276 3606 304 3656 1a
321 3605 484 3675 summotas!
499 3606 719 3675 criminatiorscfl
735 3605 760 3658 R
779 3622 843 3659 cum
861 3621 915 3660 res.
974 3610 1086 3658 16-17
1104 3605 1154 3661 boc
1171 3612 1210 3663 eat
1228 3605 1282 3664 th

275 3678 308 3725 esc
323 3690 376 3736 orn.
395 3676 440 3730 ed.
519 3680 552 3729 19
571 3677 629 3731 eius
647 3675 699 3731 LR
717 3694 797 3738 suum
815 3677 857 3731 ed.
873 3679 976 3748 lquere
993 3676 1049 3734 th
1067 3678 1128 3735 etus
1146 3696 1229 3751 quern
1246 3678 1294 3733 cd.

218 3781 225 3864 ιι
276 3746 724 3875 Μὶξηῖξιέὖωθάἶβωὼ
740 3750 818 3819 quod
835 3767 895 3809 Μ
914 3760 984 3812 θθθθὶ
1003 3753 1050 3812 ed.
1107 3754 1310 3827 adprimitur
