3250 4350
339 390 405 445 VIII
746 389 952 444 PRAEFATIO

341 563 372 619 et
399 559 605 620 commendare
634 561 766 620 voluIsse
797 559 944 620 videatur.
990 558 1061 617 dum
1088 560 1168 618 enim
1190 558 1359 636 Vergilium

341 649 508 724 „rhetorem
537 645 704 710 summum“
732 651 824 709 fuisse
852 649 1056 708 demonstrare
1083 647 1248 724 contendit,
1280 648 1360 708 illud

341 758 459 814 quoque
487 739 567 814 quod
594 741 626 798 ln
653 738 805 815 prooemio
828 758 857 814 p.
878 740 899 796 4
922 737 1009 811 dicit,
1032 755 1110 811 „non
1138 737 1360 814 grammaticae,

340 826 393 888 sed
420 831 552 889 oratores
580 829 757 905 praecipuos
790 846 859 886 eum
890 827 1008 888 tradere
1038 823 1200 900 debuisee“‚
1231 825 1359 902 probare

341 917 449 977 studet.
495 917 569 977 haec
591 916 684 976 habui
708 936 786 992 quae
808 936 968 992 monerem,
991 919 1027 975 ut
1048 916 1085 974 de
1108 915 1227 975 Donato
1249 915 1359 974 iustius

340 1005 532 1066 iudicaretur.
578 1007 649 1066 nolo
672 1008 769 1065 nostri
791 1007 905 1065 saeculi
926 1006 1061 1066 homines
1085 1003 1123 1063 ad
1145 1004 1230 1064 illam
1257 1006 1358 1064 existi-

340 1097 502 1155 mationem
531 1114 671 1156 revocare
699 1113 760 1171 qua
787 1098 887 1154 aetate
916 1094 1056 1154 Oarolina
1083 1096 1115 1152 et
1140 1095 1357 1152 renascentium

339 1185 509 1244 litterarum
532 1184 716 1261 temporibus
739 1184 851 1258 floruit,
874 1183 926 1244 sed
947 1183 980 1243 id
999 1203 1065 1261 ago,
1082 1185 1118 1242 ut
1135 1182 1252 1242 desinat
1270 1185 1358 1258 quasi

339 1275 494 1352 incognita
517 1292 608 1334 causa
630 1273 776 1334 damnari.
817 1273 976 1333 dummodo
1000 1275 1136 1350 exigatur
1159 1271 1197 1330 ab
1220 1290 1255 1330 eo
1278 1272 1357 1348 quod

339 1366 563 1440 praestaturum
587 1381 618 1422 se
640 1364 792 1440 professus
816 1366 869 1437 est,
892 1381 952 1421 non
974 1361 1175 1440 neglegendus
1198 1360 1326 1420 videtur.

407 1452 453 1511 vi.
474 1450 615 1512 Claudius
639 1452 776 1511 Donatus
801 1454 875 1527 quin
897 1451 1031 1510 diversus
1056 1451 1097 1511 sit
1119 1449 1156 1508 ab
1180 1468 1214 1510 eo
1237 1449 1357 1510 Donato

340 1561 430 1617 quem
454 1540 574 1601 Servius
598 1560 686 1618 saepe
709 1540 815 1600 laudat
837 1543 949 1617 quique
971 1540 1051 1600 idem
1075 1543 1120 1600 eet
1142 1543 1231 1615 atque
1252 1539 1357 1598 Aelius

339 1629 478 1689 Donatus
511 1631 644 1689 Terentii
679 1633 827 1708 interpres
863 1633 933 1706 post
969 1630 1146 1708 gravissima
1182 1632 1359 1707 argumente

340 1718 447 1794 quibus
474 1738 503 1778 v.
523 1719 549 1777 d.
569 1719 692 1779 Hoeven
719 1719 796 1778 hane
828 1720 1035 1795 quaestionem
1065 1718 1239 1796 profligavit
1269 1717 1358 1777 hodie

340 1826 426 1866 nemo
456 1811 502 1867 est
525 1810 577 1884 qui
600 1808 731 1882 dubitet,
758 1808 874 1868 abolita
894 1827 1055 1884 recoquere
1078 1827 1137 1867 non
1161 1799 1273 1884 libet.¹)
1321 1806 1357 1864 de

339 1899 405 1956 vita
427 1896 542 1956 Donati
568 1898 645 1956 nihil
672 1899 734 1957 fere
762 1901 893 1972 constat,
921 1917 958 1956 ne
982 1897 1015 1955 id
1042 1897 1176 1972 quidem,
1203 1916 1276 1954 num
1299 1895 1357 1954 Ro-

340 2004 445 2046 manus
474 2006 509 2045 ex
536 1986 609 2046 urbe
637 1987 741 2064 fuerit,
769 1987 829 2046 nisi
858 1987 938 2062 quod
970 1986 1103 2045 notabile
1134 1985 1209 2043 mihi
1239 1984 1359 2043 videtur

340 2094 431 2150 quam
454 2075 579 2152 dignum
602 2077 667 2134 viro
687 2076 822 2136 Romano
844 2075 988 2135 iudicium
1012 2074 1048 2133 de
1067 2074 1173 2134 officiis
1192 2093 1263 2152 erga
1281 2093 1357 2132 rem-

339 2163 492 2240 publicam
519 2167 550 2225 et
578 2165 613 2225 de
641 2166 797 2226 maiestate
826 2165 946 2242 imperii
968 2167 1000 2224 in
1022 2165 1174 2241 prooemio
1196 2162 1357 2239 multisque

341 2254 409 2313 aliie
432 2255 507 2313 looiS
530 2274 601 2331 prae
622 2274 652 2314 se
670 2256 756 2314 ferat.
791 2255 865 2314 iuris
884 2255 1013 2314 Romani
1031 2274 1099 2313 eum
1116 2254 1245 2330 peritum
1264 2252 1358 2313 fuisse

341 2345 372 2400 et
394 2343 453 2401 loci
476 2343 515 2401 ad
538 2345 585 2403 ius
608 2347 785 2419 spectanteS,
810 2364 884 2419 quos
907 2364 934 2402 v.
950 2344 977 2401 d.
992 2344 1115 2403 Hoeven
1133 2363 1162 2419 p.
1178 2343 1219 2401 48
1230 2361 1274 2417 sq.
1297 2343 1358 2401 col·

340 2432 414 2508 legit
433 2434 463 2489 et
481 2451 535 2492 nos
552 2434 585 2491 in
603 2432 701 2492 indice
720 2433 943 2509 complebimua
967 2436 998 2492 et
1020 2433 1112 2492 verba
1134 2452 1170 2491 cx
1191 2432 1265 2490 iuris
1288 2450 1356 2490 con·

341 2520 488 2579 cultorum
515 2540 574 2580 usu
600 2523 632 2581 in
659 2521 773 2582 Donati
800 2523 963 2581 dictionem
990 2525 1111 2598 recepta
1143 2520 1356 2580 demonstrant.

341 2627 403 2683 qua
431 2611 462 2667 ln
491 2629 523 2668 re
552 2611 633 2685 quod
661 2610 697 2670 de
725 2611 816 2671 verbo
844 2608 971 2686 „ilicet“
1001 2614 1055 2686 11,
1074 2612 1139 2669 468
1169 2609 1283 2669 dictum
1311 2613 1358 2669 est

340 2717 368 2756 v.
393 2696 420 2756 d.
442 2698 565 2758 Hoeven
597 2719 753 2775 perperam
789 2701 952 2760 intellexit:
992 2720 1064 2759 nam
1096 2700 1176 2776 quod
1207 2700 1251 2757 ait
1282 2698 1356 2772 „ad-

414 2850 439 2917 1)
459 2848 536 2902 Duos
555 2850 680 2905 Donatus
699 2851 816 2921 primus,
835 2853 868 2905 ut
885 2851 1005 2918 videtur,
1021 2852 1180 2921 suspicatus
1199 2853 1244 2906 eet
1256 2850 1356 2904 Petrus

341 2916 464 2973 Crimtus
484 2935 556 2974 anno
575 2940 602 2991 p.
618 2921 646 2976 G.
662 2939 688 2975 n.
706 2928 787 2988 1496,
812 2923 922 2992 dequo
942 2939 976 2977 ex
997 2923 1071 2977 libro
1094 2921 1303 2991 manuscripto
1325 2921 1356 2974 in

340 2988 514 3044 bibliotheca
545 2992 708 3048 Monacenei
740 2997 883 3048 asservato
914 2994 1027 3048 rettufit
1053 2994 1254 3049 Mommsenius
1283 2992 1353 3046 Mus.

341 3060 429 3113 Rhen.
450 3066 483 3115 16
502 3080 529 3131 p.
546 3069 604 3117 139.
642 3080 709 3119 nam
732 3068 884 3135 postquam
908 3066 1013 3121 codicis
1036 3065 1233 3131 Laurentium,
1256 3064 1305 3133 qui
1325 3064 1354 3117 in

341 3148 440 3185 manue
464 3132 525 3187 ciue
548 3138 674 3201 venerat,
699 3136 875 3206 supplendae
898 3137 1032 3192 editionis
1055 3137 1248 3191 Laudinianae
1271 3152 1356 3189 cauea

341 3201 493 3267 „meliora“
504 3206 592 3259 exseri
614 3206 660 3274 sit,
669 3206 700 3260 in
710 3208 787 3262 calce
797 3206 891 3277 quinti
900 3207 967 3263 libri
981 3210 1052 3264 haec
1066 3209 1196 3263 adnotat:
1212 3207 1355 3276 „quamvis

340 3273 453 3327 videtur
480 3291 566 3344 opera
592 3224 669 3343 Iudi3
701 3295 757 3332 non
786 3278 862 3334 enim
890 3280 1003 3334 omnino
1029 3280 1129 3335 doctus
1151 3280 1198 3334 hic
1220 3279 1355 3333 Donatus,

342 3344 443 3427 qupdsi
466 3345 630 3402 addivinare
653 3347 732 3416 licet,
758 3350 884 3420 putarim
908 3350 996 3405 alium
1019 3354 1048 3405 ct
1071 3351 1107 3405 ab
1131 3351 1193 3421 ipso
1216 3350 1355 3404 dlvereum

342 3433 391 3484 qui
411 3415 535 3471 Terentii
555 3419 714 3474 comoediae
734 3421 771 3475 sit
789 3422 1003 3491 interpretatus,
1022 3426 1051 3477 et
1069 3423 1189 3478 fortasse
1206 3422 1290 3475 huius
1313 3424 1356 3475 eet

341 3484 416 3539 filine
440 3487 587 3558 dictusque
609 3490 809 3546 Donatianus“.
830 3526 863 3533 -
882 3496 991 3563 postea,
1013 3497 1047 3549 ut
1063 3513 1089 3549 v.
1105 3495 1130 3549 d.
1146 3494 1260 3548 Hoeven
1278 3512 1306 3563 p.
1321 3498 1355 3545 32

341 3562 486 3640 memorat,
497 3559 606 3614 Merula
620 3562 657 3615 ad
666 3562 789 3631 Ennium
803 3583 831 3633 p.
841 3571 876 3619 56
891 3566 989 3619 eadem
1003 3566 1113 3621 ratione
1128 3566 1229 3620 ductus
1240 3567 1356 3634 propter

351 3629 534 3695 ‚obstinatam
549 3634 577 3685 ct
590 3649 699 3688 morum
709 3635 759 3703 qui
772 3640 847 3690 retro
863 3640 891 3690 ct
905 3639 1052 3691 auctorum
1065 3636 1356 3707 praetermissionem“

339 3670 482 3783 Ilonatum
500 3705 752 3772 „snppoeiticium“
772 3723 833 3761 esse
852 3708 985 3777 opinatus
1005 3711 1054 3763 est.
1084 3710 1155 3762 duos
1174 3708 1283 3762 scilicet
1301 3707 1357 3760 Do-

321 3770 412 3819 natoe
425 3769 518 3825 fursee
536 3774 567 3827 ei
581 3792 640 3830 non
659 3777 689 3832 in
709 3781 838 3835 mentem
856 3780 945 3837 venIt.

492 4014 510 4063 ἴ
