3250 4350
711 432 938 490 Anuumosv
1267 433 1334 500 495

316 603 450 662 remedio
473 620 653 679 superemus.
695 620 767 680 gens
790 605 895 662 nostra
917 602 998 662 mala
1020 604 1150 662 fatorum
1169 606 1249 663 sorte
1265 622 1334 680 pro·

317 694 423 770 genita
445 691 541 751 omnis
565 694 612 751 est
634 693 767 751 adversis
790 691 941 752 destinata
970 691 1139 767 suppliciis,
1166 693 1335 752 habuerunt

317 780 434 857 aliquid
457 782 558 839 meriti
581 782 670 840 simul
693 782 815 840 interire
839 799 905 840 cum
928 782 1042 857 patria,
1068 784 1169 840 noster
1191 781 1258 840 finis
1282 782 1333 841 ad-

316 871 376 928 huc
394 887 487 944 nsque
506 870 651 946 differtur,
674 872 709 928 ut
722 871 815 930 variis
833 872 1047 929 tormentorum
1062 869 1178 930 vicibus
1197 870 1334 931 adflictae

284 959 519 1034 aperduremus.
564 979 636 1018 nam
659 960 725 1035 quis
754 961 811 1018 erit
837 960 985 1019 malorum
1011 961 1146 1035 ipsorum
1172 958 1254 1033 finis,
1281 961 1335 1034 qui

317 1049 467 1106 continuis
497 1067 643 1108 annorum
673 1050 788 1124 septem
817 1049 924 1124 spatiis
954 1048 1091 1107 concludi
1122 1067 1182 1108 non
1211 1046 1335 1124 potuit?

316 1139 414 1195 maria
428 1139 529 1196 omnia
548 1140 579 1196 et
596 1138 753 1197 universae
771 1138 920 1196 terrarum
937 1140 1039 1214 partes
1054 1139 1202 1196 eruciatus
1216 1139 1333 1196 nostros

316 1244 487 1302 poenasque
510 1229 672 1302 testantur,
696 1245 764 1285 cum
786 1226 908 1285 Italiam
931 1228 1083 1302 sequimur
1105 1245 1234 1302 semper,
1257 1245 1334 1302 quae

316 1315 397 1392 fugit
420 1317 555 1373 autnon
578 1317 631 1374 est.
677 1315 723 1375 lu'c
741 1315 849 1390 Erycis
870 1317 945 1388 flues
966 1317 1094 1387 fraterni
1116 1319 1201 1389 utque
1223 1316 1387 1389 torpescat)

271 1425 303 1465 ro
317 1402 453 1463 Acestes:
475 1407 541 1477 quis
558 1404 695 1477 prohibet
716 1421 817 1464 muros
839 1406 933 1464 iacere
951 1408 978 1463 ct
994 1405 1067 1464 dure
1085 1405 1195 1464 ciuibus
1212 1405 1334 1463 urbem?

318 1496 498 1568 oportunum
517 1512 640 1568 prorsus
658 1492 832 1552 remanendi
849 1495 967 1568 tempus
987 1495 1041 1568 est,
1063 1493 1145 1552 locus
1163 1493 1333 1553 volentibus

317 1583 464 1660 congruit,
483 1581 588 1659 negari
602 1601 662 1641 non
676 1583 776 1657 potest
789 1582 870 1658 quod
883 1582 984 1647 filerat
996 1583 1108 1658 fratris,
1128 1583 1252 1641 Troiani
1264 1585 1334 1642 sunt

316 1671 425 1729 harum
442 1674 592 1729 terrarum
609 1671 735 1744 incolae,
752 1690 812 1729 non
833 1670 1022 1748 denegabunt
1040 1673 1118 1730 cives
1137 1670 1334 1731 necessariam

317 1759 433 1818 civibus
457 1759 565 1834 sedem,
589 1762 770 1820 conveniunt
792 1759 893 1818 omnia
916 1760 1078 1820 commodis
1101 1762 1220 1834 nostris,
1246 1763 1333 1820 omit·

271 1869 301 1909 1⁶
316 1848 408 1908 tenda
435 1869 494 1909 non
524 1852 570 1908 est
599 1851 703 1908 tantae
737 1848 934 1924 expeditionis
966 1851 1095 1923 occasio,
1127 1868 1165 1908 ne
1198 1851 1334 1925 quaesita

316 1937 465 2014 posterius
483 1940 610 2014 reperiri
628 1957 688 1996 non
706 1939 809 2015 possit.
848 1955 864 1997 ο
877 1939 983 2012 patrio
1001 1942 1028 1997 et
1043 1941 1124 2011 rupti
1140 1941 1334 2012 nequicquam

317 2045 352 2087 eu
374 2028 452 2086 toste
475 2032 613 2101 penates:
641 2046 671 2102 o,
694 2028 808 2104 inquit,
831 2029 946 2103 patria,
971 2045 1060 2102 quam
1083 2026 1265 2085 deseruimus
1288 2027 1334 2086 in·

316 2116 492 2192 prudentes,
525 2116 597 2193 quid
628 2117 746 2193 profuit
774 2118 894 2194 penatis
921 2117 992 2176 deos
1018 2115 1147 2175 flammis
1175 2132 1237 2175 esse
1265 2116 1334 2176 sub-

316 2203 452 2265 tractos?
475 2224 541 2266 ecce
564 2225 618 2266 nec
641 2206 698 2267 sibi
721 2209 884 2283 potuerunt
905 2206 1044 2282 prodesse
1062 2224 1117 2264 nec
1134 2204 1228 2265 nobis.
1262 2206 1333 2281 quid

274 2314 303 2353 so
316 2295 432 2371 profuit
450 2296 578 2355 navibus
597 2298 708 2371 vectos,
732 2296 804 2371 quid
824 2296 943 2354 effectos
962 2295 1084 2355 comites
1103 2292 1209 2354 nobis?
1233 2297 1334 2354 emant

316 2383 376 2458 ipsi
400 2403 517 2460 quoque
541 2403 595 2444 nec
622 2404 708 2445 susm
735 2385 842 2444 saltem
872 2385 1015 2443 iniuriam
1037 2384 1166 2459 pellunt,
1195 2384 1333 2442 miseriae

316 2475 438 2532 nostrae
452 2474 565 2533 nullius
580 2474 726 2533 auxilium
740 2476 871 2549 sperant,
888 2492 983 2531 uuum
997 2475 1140 2548 superest,
1162 2474 1197 2531 ut
1215 2474 1332 2531 secutae

317 2562 490 2637 consilium,
513 2561 591 2638 quod
614 2564 723 2622 vestris
746 2561 882 2621 sensibus
904 2560 1097 2635 intimavero,
1124 2561 1333 2637 provideamus

316 2649 404 2710 nobis
428 2651 597 2725 quiescendi
619 2650 790 2710 remedium.
828 2650 946 2709 dictura
974 2649 1044 2726 quid
1068 2653 1146 2709 esset
1168 2648 1332 2709 necessario

278 2758 303 2798 rs
317 2739 488 2798 faciendum
518 2740 676 2815 praemisit
707 2742 737 2800 et
763 2739 850 2814 haec,
886 2741 922 2798 ut
952 2741 1152 2815 persuasionis
1185 2738 1333 2797 obtineret

317 2830 469 2888 effectum:
495 2830 629 2897 rulime,
662 2829 775 2905 inquit,
805 2831 869 2887 ium
898 2830 1004 2887 Troice
1036 2828 1167 2887 dicentur
1197 2828 1333 2887 moenio?

315 2935 465 2990 nusquam
491 2917 647 2977 Hectoreos
676 2920 773 2977 amuis
801 2917 955 2977 Xanthum
985 2921 1011 2976 ct
1041 2916 1188 2993 Simoenta
1212 2916 1333 2976 uidebo?

315 3009 449 3079 tuntum,
472 3008 584 3083 inquit,
608 3007 766 3065 errandum
790 3008 836 3065 est
857 3005 958 3081 nobis,
984 3008 1033 3080 ut,
1060 3025 1127 3065 cum
1155 3006 1249 3064 otium
1272 3024 1332 3064 non

391 3181 404 3227 1
425 3192 585 3244 superamus
599 3175 652 3229 LR
666 3175 710 3230 ed.
724 3178 789 3245 post
807 3175 861 3230 hoc
880 3175 990 3244 aliquid
1009 3174 1146 3229 excidisse
1161 3173 1235 3228 falso
1248 3176 1334 3243 putat

315 3247 383 3301 edF.
462 3253 478 3299 2
497 3248 653 3302 habueruut
671 3246 723 3299 Lu
740 3246 892 3301 tabuerat?
969 3251 985 3300 8
1005 3246 1113 3314 aliquid
1131 3247 1222 3301 meriti
1240 3245 1262 3298 L
1280 3247 1332 3299 ali·

315 3318 391 3387 quod
408 3318 603 3372 mitiorum
626 3321 732 3373 temere
754 3319 823 3372 mut.
843 3317 887 3371 ed.
922 3318 926 3387 Ι
959 3318 1072 3371 interire*
1088 3317 1140 3370 th
1158 3334 1198 3372 ·re
1217 3317 1260 3371 ed.

315 3397 333 3443 4
353 3396 384 3442 ut
395 3395 455 3442 -ὀ
471 3391 657 3458 perderemur
674 3388 728 3443 LR
750 3388 1044 3457 ut-pcrduremusr
1066 3403 1103 3441 an
1121 3393 1189 3442 et-
1195 3387 1332 3455 perduro-

314 3465 395 3516 mus?
494 3465 510 3513 5
531 3461 718 3530 perducamur
738 3459 781 3514 ed.
883 3464 916 3512 10
936 3459 1004 3528 quid
1021 3458 1074 3511 Lu
1092 3458 1162 3527 our,
1186 3458 1235 3512 sed
1258 3456 1333 3511 infra

315 3531 355 3585 ud
373 3548 398 3585 v.
415 3535 466 3584 795
484 3530 529 3584 bis
551 3531 686 3586 laudatur
703 3534 778 3600 quia,
801 3530 877 3601 quod
900 3529 1129 3599 interpretationi
1152 3529 1244 3599 magis
1267 3545 1331 3583 con·

314 3601 412 3657 venire
434 3600 552 3656 videtur.
663 3609 695 3656 12
719 3604 805 3671 fratri
826 3601 880 3656 LR
902 3604 1000 3669 fratris
1022 3601 1065 3655 ed.
1175 3606 1208 3655 16
1231 3600 1332 3670 expeti-

313 3675 403 3730 tr’om's
424 3672 477 3726 LR
504 3690 572 3728 corr.
597 3674 640 3728 ed.
751 3678 783 3727 18
807 3675 926 3741 stamme
947 3672 999 3725 LR
1024 3689 1038 3725 e
1059 3673 1172 3739 flumme
1194 3670 1260 3725 eur.

313 3750 350 3801 20
374 3744 504 3799 uectoria
526 3751 616 3801 rectas
638 3745 664 3799 It
690 3762 744 3801 ecee
767 3744 832 3800 add.
857 3744 900 3799 ed.
1009 3747 1044 3797 28
1070 3744 1156 3797 otium
1182 3741 1227 3797 bis
1249 3742 1275 3796 R
1301 3747 1334 3796 ut

311 3834 377 3875 erun
398 3833 421 3871 o.
440 3833 503 3869 r=
517 3816 547 3870 L.
1029 3853 1032 3857 -
