3250 4350
618 1173 928 1241 PRAEFATIO.

354 1447 466 1506 Tiberii
499 1445 618 1507 Claudii
649 1448 762 1509 Donati
796 1449 1058 1524 interpretationes
1090 1449 1282 1527 Vergilianas

262 1537 392 1596 edendas
415 1539 539 1613 suscepi,
563 1556 623 1595 non
647 1537 725 1612 quod
748 1540 780 1596 in
803 1538 919 1597 deliciis
941 1536 1083 1597 haberem
1106 1540 1281 1615 scriptoram

261 1626 357 1685 taedii
379 1626 594 1702 plenissimum,
618 1626 669 1685 sed
692 1629 763 1702 quia
787 1626 825 1685 ad
849 1627 1056 1703 complendum
1083 1631 1114 1687 et
1141 1629 1280 1703 antiqno·

261 1735 330 1773 rum
348 1713 474 1793 Vergilii
497 1716 696 1791 interpretum
716 1734 875 1774 numerum
895 1719 925 1775 et
941 1716 1079 1776 lectionis
1097 1719 1130 1775 in
1148 1716 1280 1775 Aeneide

263 1806 442 1880 apparatum
460 1806 529 1879 post
548 1804 788 1864 doctissimorum
807 1804 939 1864 virorum
953 1805 1088 1864 Thilonis
1105 1808 1136 1864 et
1150 1805 1281 1885 Hageuii
1351 1849 1358 1866 .

262 1912 348 1952 curas
367 1892 423 1952 hoc
441 1893 537 1951 solum
557 1893 656 1953 deesse
674 1893 839 1953 videbatur.
875 1913 913 1952 an
933 1914 1003 1953 vero
1021 1894 1168 1970 Donatus,
1187 1914 1279 1970 quon·

261 1982 324 2041 iam
352 1981 509 2041 verborum
536 1982 632 2060 magis
660 2002 751 2059 quam
772 2002 872 2041 rerum
894 1985 1041 2059 interpres
1064 1982 1136 2059 fuit,
1163 2002 1280 2060 semper

260 2072 294 2130 in
317 2070 447 2130 editione
470 2072 581 2131 vitiosa
604 2075 634 2131 et
655 2071 782 2132 inhabili
805 2070 978 2132 delitescet?
1024 2075 1054 2131 et
1076 2073 1162 2131 varia
1188 2073 1278 2132 lectio

218 2200 221 2247 ff
261 2160 437 2238 Vergiliana
465 2180 481 2220 e
510 2159 614 2221 Servio
642 2164 672 2221 et
699 2164 804 2221 ceteris
832 2163 1036 2240 grammaticis
1064 2180 1181 2221 summa
1211 2161 1278 2220 dili-

218 2264 221 2299 !
261 2249 365 2328 gentia
396 2250 578 2328 investigata
610 2255 729 2326 praesto
761 2253 832 2325 erit,
864 2251 1013 2324 Donatus,
1046 2253 1099 2326 qui
1128 2251 1278 2310 Aeneidos

218 2360 220 2385 ¹
260 2358 364 2399 versus
390 2342 509 2398 tantum
536 2359 597 2399 non
624 2359 725 2400 omnes
752 2342 784 2398 in
812 2342 1040 2400 commentarios
1065 2358 1134 2399 suos
1156 2342 1278 2415 recepit,

218 2392 221 2507 i
261 2429 364 2504 quales
393 2447 442 2488 eos
470 2430 578 2506 legerit
602 2448 765 2504 numquam
788 2431 819 2486 in
843 2429 938 2487 lucem
962 2426 1149 2504 proferetur?
1194 2428 1277 2504 equi·

218 2518 220 2551 ³
261 2517 342 2592 dem,
371 2537 437 2576 cum
465 2536 566 2577 omnes
594 2519 753 2593 scriptores
783 2522 897 2577 veteres
925 2518 977 2592 qui
1004 2520 1184 2577 vetustatem
1212 2536 1278 2593 per·

218 2634 220 2639 ·
261 2607 408 2681 tulerunt,
437 2610 467 2665 et
495 2608 623 2682 optimos
652 2610 682 2666 et
709 2607 884 2681 deteriores,
912 2606 1010 2684 dignis
1033 2608 1135 2665 nostro
1159 2607 1277 2666 saeculo

217 2652 222 2765 l
261 2696 440 2755 editionibus
468 2697 624 2774 invulgare
651 2697 883 2770 instituerimus,
916 2714 974 2770 quo
1004 2695 1036 2754 id
1065 2697 1129 2754 iure
1158 2695 1278 2756 Donato

216 2768 220 2875 l
261 2784 425 2863 abnegetur
447 2803 506 2843 non
529 2785 679 2863 intellego.
725 2786 811 2843 nulla
835 2787 893 2844 erit
914 2803 968 2843 nec
990 2783 1026 2842 de
1049 2783 1144 2859 ipsius
1169 2786 1277 2844 merito

216 2882 219 2889 '
259 2878 339 2932 recte
366 2874 520 2932 iudicandi
546 2875 634 2950 copia
661 2893 715 2933 nec
742 2876 795 2950 qui
823 2893 857 2932 ex
890 2892 924 2932 eo
957 2873 995 2932 ad
1024 2877 1160 2931 nostrum
1189 2892 1277 2932 usum

216 2908 220 3045 ἶ
260 2964 376 3021 fructus
399 2964 513 3038 percipi
536 2966 632 3038 possit
655 2962 843 3036 aestimandi,
862 2964 921 3021 nisi
945 2962 1018 3036 quid
1037 2980 1105 3020 vere
1124 2962 1278 3037 scripserit

215 3048 219 3181 ν
260 3053 413 3130 cognitum
440 3051 638 3110 habuerimus.
684 3071 754 3110 nam
781 3051 920 3110 inutilem
947 3050 1034 3109 bodie
1061 3053 1092 3108 et
1117 3051 1277 3129 neglegen-

215 3186 217 3193 .
259 3140 331 3199 dum
358 3139 511 3199 Donatum
543 3157 605 3198 esse
637 3159 741 3199 vereor
772 3159 808 3198 ne
838 3139 947 3199 idcirco
975 3139 1125 3198 affirmare
1153 3140 1277 3215 soleant,

215 3198 218 3287 l
259 3229 339 3306 quod
358 3228 511 3288 doctrinae
529 3229 649 3306 plenam
667 3229 945 3304 interpretationem
964 3229 1142 3302 desiderant,
1157 3229 1275 3304 qualem

215 3292 219 3341 Ι
258 3337 448 3394 nequaquam
471 3335 538 3376 cum
562 3320 696 3376 secutum
719 3337 781 3377 esse
804 3320 865 3375 iam
888 3337 947 3376 van
970 3317 1023 3376 der
1044 3311 1200 3398 Hoeven¹)
1227 3312 1288 3377 de?

258 3409 445 3465 monstravit.
491 3410 621 3465 ceterum
653 3425 690 3465 ne
722 3407 859 3466 doctrina
891 3406 1012 3483 quidem
1041 3407 1152 3465 Donati
1185 3406 1276 3465 inter-

258 3494 440 3572 pretationes
468 3498 588 3554 omnino
617 3500 719 3554 carent
745 3496 837 3571 idque
864 3497 928 3570 ipse
951 3497 1064 3554 truncis
1088 3496 1186 3554 verbis
1211 3495 1275 3571 qui-

257 3585 313 3644 bus
341 3585 475 3664 epilogus
502 3604 580 3643 nunc
607 3585 786 3643 terminatur
814 3603 958 3661 exponere
987 3587 1116 3661 coepisse
1148 3584 1274 3643 videtur.

323 3774 350 3835 1)
366 3786 415 3822 ran
425 3771 598 3826 derHoeren
614 3773 742 3843 epistola
756 3775 795 3831 ad
807 3774 1318 3853 Suringnrtumbsorardtncxass.

1055 3871 1092 3927 ὅ.
