3250 4350
628 423 631 426 ’
663 421 847 491 AENEIDOS
864 422 892 478 Π
1220 423 1287 489 213

266 591 372 650 dinem
394 590 533 666 laederet,
553 591 604 650 sed
627 593 809 667 opprimeret
832 591 975 668 pondere.¹
1009 595 1115 650 turrim
1137 595 1170 652 in
1187 597 1340 666 prae-460

266 682 353 754 sipili
379 684 503 740 omrem
528 683 708 754 summisque
734 681 788 739 scd
817 685 900 740 astro
926 682 1059 740 eductam
1085 684 1177 750 cccc,
1209 683 1287 741 cade

265 771 366 828 omnis
396 769 486 829 itote
512 771 607 829 videri
634 774 661 829 ct
686 770 832 828 Dcacwm
858 771 960 829 ecutae
986 787 1077 829 ncces
1104 775 1130 830 ct
1155 769 1288 830 Achaica

266 862 377 926 castra,
397 859 530 932 adgressi
547 861 626 933 ferro
646 861 755 918 circam
773 875 833 930 quc
850 877 967 918 summ
984 859 1112 918 mantis
1133 861 1288 919 tencteros

237 947 404 1007 stabulata
430 949 555 1007 dabant:
585 949 727 1006 meritum
753 949 846 1006 turris
874 947 998 1022 dicitur,
1025 948 1078 1008 sed
1104 949 1167 1007 iam
1189 949 1287 1008 solitis

267 1035 377 1096 officiis
399 1055 460 1096 non
482 1037 666 1096 necessariae
690 1028 802 1117 (omnis
826 1037 906 1095 enim
923 1037 1052 1097 felicitae
1071 1037 1201 1096 Troiana
1218 1055 1287 1096 con·

267 1117 416 1206 uiderat),
443 1125 658 1185 contemnenda
680 1125 805 1202 proinde
827 1126 928 1184 fuerat
950 1145 1028 1202 quae
1050 1144 1118 1185 cum
1140 1125 1214 1201 ipsis
1237 1126 1287 1184 de-

265 1213 438 1274 fensoribus
460 1213 522 1274 suis
544 1233 614 1274 mox
636 1215 742 1274 fuisset
765 1233 879 1274 arsura.
915 1214 1001 1289 hanc,
1023 1215 1133 1290 inquit,
1155 1216 1287 1291 petimus

265 1304 349 1362 ferro
378 1306 408 1362 et
436 1303 574 1363 abscissis
600 1304 747 1364 iuncturis
776 1303 914 1363 omnibus
943 1323 1020 1380 quae
1048 1304 1287 1381 magnitudinem

221 1412 250 1452 rc
264 1394 374 1452 tantae
402 1392 572 1452 altitudinis
599 1393 770 1452 retinebant
792 1393 979 1452 convellimus
1002 1395 1071 1453 altis
1093 1394 1211 1453 sedibus
1232 1395 1340 1453 irc-465

258 1482 468 1556 meamque:
495 1499 531 1542 co
552 1481 639 1557 tapso
660 1485 776 1557 repente
797 1485 920 1542 recinam
942 1499 1008 1541 cum
1029 1485 1128 1542 sonita
1149 1484 1240 1541 cato
1262 1486 1289 1541 et

265 1571 415 1630 Danaam
440 1588 530 1645 super
557 1574 678 1646 apmim
705 1573 763 1632 tate
784 1573 897 1631 incidit.
942 1589 1009 1631 ecce
1031 1572 1146 1647 profluit
1167 1571 1287 1630 Aeneae

266 1660 442 1735 consilium,
471 1661 550 1736 quod
572 1663 761 1738 repentinum
784 1663 815 1720 et
836 1662 1024 1735 insperatum
1044 1662 1150 1720 ruinae
1171 1660 1287 1736 pondus

266 1748 395 1808 adiuvit
431 1749 529 1825 huius,
547 1750 656 1827 inquit,
675 1749 833 1810 concidens
850 1749 1026 1826 magnitudo
1040 1749 1181 1808 Danaum
1198 1768 1288 1825 super

222 1859 251 1899 rs
266 1839 393 1916 agmina
415 1837 476 1897 late
498 1839 614 1897 incidit.
651 1839 731 1914 quod
754 1839 831 1897 dixit
853 1839 924 1912 late,
941 1838 1043 1914 potuit
1064 1838 1129 1897 fieri
1147 1840 1181 1896 ut
1198 1839 1288 1897 ruina

265 1928 323 1986 illa
346 1944 436 2003 super
458 1927 604 2003 plurimos
629 1928 784 1987 cecidisset
806 1927 989 2003 perindeque
1010 1946 1071 1986 non
1099 1945 1209 2002 paucos
1236 1944 1287 1984 ne·
1316 1953 1318 1957 ·

265 2016 375 2075 cassat
425 2015 537 2076 idcirco
568 2019 672 2092 posuit
702 2016 844 2075 Danaum
874 2035 964 2092 super
995 2016 1129 2094 agmina,
1165 2018 1201 2074 ut
1231 2016 1287 2074 hoc

265 2105 395 2163 dicendo
418 2106 575 2164 consilium
598 2125 684 2166 suum
707 2108 873 2183 praeferret
896 2108 927 2164 et
948 2107 1113 2165 inventum.
1159 2109 1207 2164 aet
1232 2106 1287 2164 atti

264 2195 408 2254 saberet:
430 2196 486 2253 hoc
508 2196 608 2272 ipsum
630 2196 822 2271 superfluens,
843 2197 952 2271 inquit,
970 2196 1102 2255 hostium
1125 2195 1287 2253 multitudo

219 2302 250 2343 ac
265 2285 416 2342 frustrata
438 2287 493 2358 est,
516 2285 570 2343 alii
593 2286 704 2361 quippe
728 2287 869 2343 continuo
893 2287 1106 2345 successerant..
1137 2301 1191 2342 acc
1212 2300 1288 2343 scca

264 2390 321 2432 acc
343 2371 439 2431 cllum
461 2374 582 2431 telorum
604 2376 715 2433 taurea
737 2380 830 2434 cessat
851 2391 951 2447 penus,
975 2375 1089 2433 scilicet
1111 2372 1219 2448 quihus
1238 2392 1287 2431 ex-

264 2463 455 2539 pugnaretur
476 2461 624 2522 recentior
646 2462 817 2522 multitudo.

343 2551 523 2610 Vestitctwm
535 2555 603 2611 aare
616 2554 730 2623 pssum:
750 2554 815 2627 ipsc
829 2554 951 2627 exponit
965 2552 1037 2627 quid
1051 2553 1092 2609 sit
1104 2549 1287 2609 vestibulum
1388 2623 1390 2626 Ι

264 2639 370 2697 dicens
391 2642 544 2714 primoque
564 2642 598 2698 ia
620 2642 721 2700 idaiae
737 2641 872 2716 Pyrrhus
896 2642 1019 2700 oscitat:
1040 2641 1167 2699 ferocem
1190 2640 1340 2696 natu-470

221 2748 250 2789 aa
264 2748 335 2787 ram
358 2729 488 2788 hominis
510 2732 660 2788 monstrat
682 2730 731 2789 vel
754 2731 818 2790 eius
841 2731 895 2805 qui
915 2730 1022 2805 plenae
1046 2729 1190 2789 victoriae
1212 2726 1287 2785 fidu·

264 2817 348 2876 ciam
371 2820 496 2894 gereret.
533 2821 576 2877 sic
599 2818 679 2876 enim
702 2818 816 2877 Priami
839 2819 943 2878 domus
967 2836 1103 2895 possesso
1124 2817 1233 2892 neret,
1251 2819 1287 2875 ut

265 2905 306 2965 ad
329 2907 432 2982 ipsum
454 2904 545 2965 limen
569 2910 599 2965 et
617 2907 758 2967 vestibuli
776 2899 885 2983 prioris
903 2910 1071 2986 ingressum
1089 2924 1149 2964 non
1167 2907 1287 2964 tanturn

263 2994 436 3070 intrepidus
459 3014 564 3054 verum
582 2997 675 3055 etiarn
693 2998 830 3056 exultans
849 2996 981 3073 Pyrrhus
1000 2995 1191 3073 pervenisset.
1223 2995 1287 3055 telis

264 3089 293 3144 ct
315 3084 381 3143 lucc
404 3101 540 3144 coruscas
562 3103 653 3144 acca:
675 3087 790 3144 erectus
815 3088 915 3145 animo
938 3089 969 3145 et
996 3086 1171 3161 conspicuus
1190 3085 1288 3142 muni-

221 3194 250 3234 re
264 3174 378 3233 mentis
407 3190 565 3231 armorum.
611 3176 708 3248 quatis
730 3176 782 3234 cdi
803 3176 838 3233 c'n
860 3176 952 3234 lucem
974 3176 1089 3233 colaber
1110 3173 1192 3232 necta
1216 3191 1289 3247 prc-

263 3265 352 3322 mina
378 3265 500 3334 pastas,
532 3264 646 3338 frigido
675 3264 730 3322 scd
765 3268 845 3323 terra
881 3265 1026 3323 tamidmn
1062 3280 1146 3337 pacm
1182 3263 1290 3321 mcccc

343 3455 375 3503 19
394 3451 565 3518 superfluens
582 3466 635 3504 om.
651 3450 694 3505 ed.
760 3456 794 3505 23
813 3468 846 3504 cc
860 3452 943 3519 penit
959 3450 1012 3503 Iill
1030 3452 1143 3520 exponit
1159 3468 1182 3504 r.
1199 3452 1204 3517 ι
1219 3449 1290 3517 quid

263 3521 383 3591 Lquod
402 3520 427 3573 R
446 3537 514 3575 corr.
534 3538 596 3573 r=
610 3521 640 3574 L.
676 3525 679 3591 Ι
714 3524 779 3590 post
802 3523 963 3577 vestibulum
985 3520 1117 3575 lacunam
1140 3522 1287 3589 quattuor·

263 3593 360 3648 decim
383 3589 444 3645 fere
465 3590 638 3661 litterarum,
665 3592 767 3647 deinde
790 3592 895 3646 lemma
917 3592 1056 3662 incipiens
1080 3592 1116 3646 ab
1139 3593 1171 3646 ia
1193 3592 1287 3645 limine

263 3663 356 3719 habet
374 3662 397 3715 L
416 3662 485 3717 item
504 3663 565 3717 sine
583 3662 686 3718 lacuna
704 3664 731 3718 R
749 3665 842 3719 diceres
855 3667 1001 3733 primoque
1018 3663 1125 3717 inserui
1143 3664 1288 3732 ipse-sit

262 3752 319 3791 om.
330 3732 523 3802 „vestibulum
536 3734 657 3804 primam
671 3736 774 3789 ianuae
787 3737 899 3805 partem
911 3735 1009 3805 posuit
1021 3735 1186 3804 primoque“
1200 3734 1289 3787 inter·

263 3807 322 3877 pel.
339 3806 384 3861 ed.
461 3810 494 3860 29
513 3806 602 3861 atem
621 3806 664 3862 ed.
