3250 4350
704 435 887 492 assumes
906 438 932 490 V
1265 434 1329 499 431

319 625 419 666 sumus
442 605 632 664 Dardanidae
660 609 691 664 et
717 608 781 664 iure
808 608 991 682 pertinemus
1014 605 1053 665 ad
1076 605 1199 665 deorum
1222 623 1332 678 numm,

317 697 423 770 utpote
450 696 596 772 originem
623 694 660 753 ab
684 695 757 770 ipsis
781 694 920 754 ducentes
944 698 974 754 et
996 713 1098 773 genus.
1145 712 1263 754 arruuus
1286 711 1332 754 ee

317 786 390 842 nais
417 785 565 857 conpletur
591 785 738 843 meeesidus
765 785 857 852 ordis,
885 802 919 842 eu
943 801 999 858 aaa
1020 785 1162 857 reliquias
1184 785 1333 855 divinique

316 891 385 932 ossa
403 877 539 946 pareatis
556 875 738 932 condidimus
756 877 835 932 terra
853 877 1034 947 maestasque
1051 875 1234 932 sacravimus
1253 889 1331 930 aras.

287 965 435 1034 uiamque
458 964 528 1031 dies,
545 965 605 1021 uisi
627 962 726 1035 fallor,
745 963 835 1030 adest,
854 980 938 1036 quem
960 980 1073 1035 semper
1095 962 1239 1027 arabum,
1260 977 1332 1018 suu·
1351 964 1385 1013 60

312 1069 371 1124 per
398 1053 570 1109 boueratum
598 1050 654 1123 (sie
680 1052 723 1110 dii
751 1051 896 1126 coluistis)
925 1051 1048 1110 habebo:
1085 1068 1193 1123 annus,
1225 1047 1332 1123 inquit,

319 1139 516 1214 concluditur,
540 1159 658 1215 exque
681 1140 816 1199 divinum
838 1143 956 1219 patrem
978 1159 1090 1214 meum,
1117 1139 1174 1198 hoc
1197 1140 1242 1196 est
1265 1155 1332 1195 con·

318 1231 484 1287 adoratione
513 1230 637 1307 dignum
663 1233 744 1288 terra
773 1229 968 1288 condidimus.
1014 1248 1074 1288 non
1098 1227 1186 1300 dixit,
1215 1245 1249 1284 ex
1274 1244 1332 1302 quo

317 1320 455 1376 mortuus
478 1322 524 1377 est
545 1322 633 1394 pater
655 1336 752 1392 meus,
780 1318 832 1377 sed
856 1338 890 1377 ex
919 1337 977 1394 quo
1005 1322 1085 1377 terra
1116 1321 1160 1375 est
1188 1315 1332 1375 conditas.

273 1427 303 1466 10
318 1406 375 1465 hoe
408 1409 487 1464 enim
518 1407 655 1483 intellegi
685 1408 786 1482 potius
816 1407 913 1467 voluit
941 1425 1031 1482 quam
1058 1407 1131 1480 dici3
1167 1425 1226 1465 non
1255 1403 1333 1463 enim

318 1498 406 1554 vivus
430 1496 516 1554 obrui
538 1498 646 1572 potuit.
686 1501 716 1554 et
739 1497 881 1571 quoniam
903 1499 964 1554 iam
987 1496 1050 1555 dies
1069 1495 1153 1554 adest
1172 1497 1202 1554 et
1221 1495 1333 1569 quanto

317 1585 416 1642 tristis
438 1587 524 1643 tento
549 1586 611 1643 suis
635 1584 891 1644 observationibus
913 1585 1112 1660 honorandus,
1135 1583 1270 1662 religiosi
1291 1581 1334 1640 fili

319 1690 477 1748 personam
500 1673 617 1731 induxit
640 1673 765 1732 dicentis
789 1693 878 1748 quem
900 1693 1015 1749 semper
1038 1673 1190 1746 acerbum,
1218 1690 1335 1746 semper

317 1762 499 1820 honoratum
522 1754 578 1842 (sio
602 1761 645 1819 dii
667 1754 821 1843 voluistis)
843 1761 966 1820 habebo.
1013 1762 1139 1837 optabat
1162 1764 1249 1835 enim,
1275 1760 1334 1819 nisi

275 1872 303 1910 1s
320 1851 365 1908 dii
388 1851 582 1923 obstitissent,
606 1851 705 1910 officia
727 1852 850 1926 pietatis
873 1853 942 1909 vivo
965 1853 1065 1926 potius
1089 1850 1224 1909 exhibere
1244 1868 1333 1924 quam

317 1943 438 1998 mortuo
467 1942 497 1998 et
524 1940 591 1998 ideo
620 1940 658 1998 ad
686 1939 755 1998 deos
784 1939 855 1998 fecit
878 1940 1089 2015 apostropham
1114 1958 1180 1998 cum
1205 1938 1334 2015 quadam

318 2027 444 2101 invidis,
467 2047 543 2104 quae
566 2030 682 2087 veniret
706 2048 740 2085 ex
763 2028 873 2087 dolore.
910 2029 1022 2087 sciebat
1046 2031 1124 2086 enim
1148 2046 1334 2087 communem

318 2119 454 2177 omnium
486 2117 688 2177 condicionem
722 2137 739 2176 a
767 2117 968 2193 superioribus
1000 2119 1170 2177 institutam
1202 2117 1333 2193 apertius

319 2209 455 2266 accusari
477 2226 537 2266 non
559 2226 653 2281 posse.
690 2207 816 2282 proinde
839 2209 881 2266 sic
905 2207 947 2266 dii
969 2208 1106 2267 voluistis
1130 2227 1189 2266 non
1209 2206 1246 2265 ad
1266 2225 1333 2265 cau·

273 2316 303 2355 sc
317 2314 384 2354 sam
412 2298 510 2370 patris
536 2296 743 2355 tantummodo
771 2299 989 2356 verumetiam
1017 2298 1055 2356 ad
1083 2298 1216 2355 omnium
1238 2295 1333 2354 homi-

316 2404 392 2442 num
420 2383 538 2442 rettulit
560 2388 683 2461 sortem,
712 2387 798 2460 quasi
821 2387 848 2444 si
871 2385 981 2444 diceret
1003 2386 1097 2445 feram
1119 2386 1232 2444 invitus
1255 2382 1334 2459 quod

318 2491 491 2549 expugnare
509 2492 570 2532 non
588 2476 681 2549 potui.
719 2492 835 2549 semper
854 2474 1000 2546 acerbum,
1019 2493 1134 2549 semper
1155 2474 1349 2532 honoratum

316 2562 401 2635 ideo,
431 2562 502 2635 quia
530 2561 615 2621 dolor
641 2563 737 2620 omnis
769 2581 890 2621 accessu
920 2566 1063 2638 temporis
1096 2564 1278 2621 consenescit
1305 2563 1335 2619 et

317 2651 506 2709 sollemnitas
526 2650 622 2709 omnis
641 2651 837 2709 diuturnitate
855 2654 1005 2726 tenuatur,
1020 2651 1100 2726 quod
1119 2651 1199 2726 apud
1212 2651 1334 2708 Aenean

272 2763 300 2801 as
316 2759 379 2798 non
401 2739 509 2813 fuerat,
529 2739 608 2813 apud
632 2758 720 2813 quem
742 2740 840 2799 luctus
863 2741 958 2816 patris
982 2759 1098 2815 semper
1119 2757 1220 2798 recens
1244 2739 1334 2797 offen·
1411 2796 1414 2805 ,

316 2828 448 2886 debatur
471 2831 501 2884 et
524 2846 626 2886 novus.
663 2828 777 2887 interea
800 2829 949 2887 edicturus
969 2830 1054 2888 ludos
1074 2829 1122 2886 illi
1139 2830 1219 2905 parti
1238 2828 1334 2904 primo

316 2918 451 2975 occurrit
480 2935 539 2990 qua
561 2918 661 2991 potuit
683 2918 871 2993 reprehendi,
895 2921 941 2994 ut,
973 2936 1039 2976 cum
1063 2917 1099 2977 de
1122 2921 1217 2977 morte
1240 2916 1334 2993 patris

315 3009 454 3064 maestus
478 3022 541 3062 esse
565 3003 712 3078 debuerit,
739 3006 813 3064 velit
835 3007 936 3082 potius
959 3007 1040 3065 laeta
1063 3008 1178 3065 sectari.
1224 3006 1334 3065 idcirco

315 3096 398 3152 dixit
421 3112 509 3168 quem
533 3112 650 3168 semper
671 3094 819 3169 acerbum,
840 3114 955 3171 semper
976 3096 1169 3154 honoratum:
1193 3098 1334 3171 quoniam

270 3208 299 3247 so
314 3181 448 3242 feriebat
471 3183 603 3240 animum
628 3184 690 3241 eius
713 3183 798 3242 dolor
821 3203 856 3241 ex
879 3202 968 3243 eausa
991 3187 1022 3243 et
1044 3183 1182 3262 exigebat
1202 3184 1335 3242 defuncti

314 3274 462 3332 meritum
489 3269 746 3329 honorificentiam
773 3291 866 3331 suam.
912 3292 971 3331 non
1000 3293 1069 3351 ergo
1097 3273 1174 3331 dixit
1200 3275 1334 3330 luturam

393 3465 406 3510 1
425 3458 596 3525 pertinemus
614 3456 665 3508 th
683 3461 787 3513 temere
806 3463 875 3512 mut.
890 3460 934 3513 ed.
992 3466 1007 3512 3
1027 3461 1178 3529 conplector
1196 3458 1248 3511 LR
1266 3476 1334 3513 eom·

310 3534 410 3600 pletur
428 3546 450 3580 r.
530 3534 640 3581 iterra
658 3528 711 3582 LR
728 3535 816 3583 terrae
834 3530 878 3583 ed.
908 3534 912 3599 Ι
945 3537 1100 3599 mactusque
1118 3530 1139 3582 L
1158 3529 1336 3598 nutusqucR

312 3602 484 3666 sanitasque
501 3597 532 3651 τ’.
625 3604 657 3651 16
677 3600 743 3653 deus
759 3600 812 3653 ns
830 3603 868 3655 ad
885 3602 948 3656 deas
966 3619 980 3653 r
997 3618 1048 3655 nos
1067 3619 1119 3656 om.
1135 3602 1178 3656 ed.
1266 3606 1299 3653 18
1318 3618 1336 3654 a

311 3672 474 3741 superiores
492 3671 647 3723 institutam
667 3669 719 3723 th
736 3687 805 3724 corr.
820 3690 835 3725 1
852 3690 886 3727 ae
903 3675 1046 3741 eupatore
1068 3675 1198 3727 institua
1215 3671 1273 3726 ΗΠ
1291 3671 1335 3725 111,

354 3749 389 3797 19
409 3743 436 3795 se'
454 3740 508 3793 LR
525 3742 566 3793 eie
583 3757 598 3791 r
615 3740 659 3793 ed.
723 3747 755 3794 21
776 3744 801 3796 si
819 3759 872 3796 om.
888 3744 931 3797 ed.
1000 3750 1034 3796 23
1053 3744 1335 3799 1111111111-

311 3819 435 3872 senescet
454 3811 487 3864 R.
562 3814 596 3863 30
613 3811 705 3865 dolore
722 3829 756 3865 eu·
773 3813 803 3865 L.
