3250 4350
540 466 544 475 ·
658 432 842 490 AENEIDOS
860 433 887 488 H
923 449 938 470 ¹
974 515 979 525 Ι
1217 432 1280 499 227

263 607 393 679 praeter·
404 602 602 662 abscisionem
615 605 732 678 capitis
749 605 841 662 etiam
858 603 940 663 latus
954 605 1017 662 eius
1032 621 1095 663 esse
1107 605 1282 680 perfossum.

264 689 394 768 denique
422 691 478 751 hoc
498 691 571 751 vult
590 706 661 751 esse
688 685 811 767 vulnus3
844 695 975 752 aeterum
1004 692 1143 751 avulsum
1172 694 1282 751 umeris

264 785 362 857 caput
388 801 449 841 non
474 783 526 859 est
556 781 673 841 vulnus.
719 780 843 856 ridere,
867 782 925 856 ait,
956 782 1039 862 visus
1072 800 1137 840 sum
1169 781 1202 840 in
1228 782 1282 841 illo

264 870 400 946 exemplo
423 869 585 948 imaginem
607 871 711 946 patris,
734 870 928 930 solitudinem
949 870 1063 945 uxoris,
1085 870 1282 951 direptionem

235 959 515 1018 edomus'nostrae
537 962 568 1017 et
590 958 675 1035 pueri
698 958 743 1016 fili
765 959 825 1018 mei
847 959 1012 1018 interitum.
1055 957 1111 1018 hoc
1134 962 1180 1018 est
1203 959 1282 1034 quod

264 1047 342 1107 dixit
374 1047 468 1107 subiit
499 1049 563 1106 cari
589 1049 733 1125 genitoris
760 1047 876 1125 imago,
907 1050 943 1106 ut
968 1067 1068 1125 regem
1098 1066 1282 1124 aequaevum

260 1136 379 1196 'crudeli
416 1136 538 1196 milnere
570 1136 634 1194 vidi
665 1136 760 1194 vitam
793 1136 991 1196 exhalantem.
1045 1138 1135 1195 subiit
1170 1137 1290 1196 deserta
1316 1129 1327 1137 ⁰

263 1223 390 1285 ''Crensa-
409 1229 435 1284 et
462 1227 577 1299 direpta
604 1226 707 1284 dornns
731 1229 757 1283 et
773 1227 865 1298 parer·
888 1242 973 1285 casns
996 1226 1068 1285 Inli.
1113 1227 1235 1300 respicio
1258 1230 1285 1284 et

264 1332 340 1388 qnae
362 1316 401 1373 sar
422 1331 472 1374 me
491 1309 600 1374 circum
622 1317 706 1388 copia
729 1315 834 1372 lustro:
869 1314 1038 1389 novissime,
1060 1314 1169 1391 inquit,
1191 1315 1284 1373 etiam

223 1427 250 1465 ro
264 1423 313 1462 me
341 1403 532 1463 considerans
560 1405 613 1480 qui
639 1420 842 1462 remanseram
868 1404 957 1463 solus.
1003 1404 1154 1463 deseruere
1176 1407 1336 1482 cannoto

264 1494 384 1566 defessi.
396 1497 422 1551 et
441 1509 564 1566 corpora
584 1492 662 1551 saltn
681 1492 722 1551 nd
740 1496 850 1551 terram
867 1494 971 1552 misere
989 1495 1042 1551 ant
1058 1493 1175 1565 mactus
1193 1510 1283 1566 aeara

264 1581 492 1646 dedere-,rediit
511 1581 549 1640 ad
566 1581 651 1640 illam
669 1583 785 1658 partem
805 1599 865 1656 qua
883 1580 960 1640 dixit
977 1599 1009 1640 se
1022 1582 1055 1639 in
1068 1580 1156 1640 domo
1170 1579 1284 1640 Priami

264 1672 456 1747 supertecta
479 1670 571 1729 fuisse
594 1663 661 1729 cum
683 1670 829 1747 plurimis.
875 1671 1069 1730 deseruerunt
1089 1689 1153 1743 me,
1175 1671 1284 1745 inquit,

262 1753 373 1819 omnes
392 1760 464 1818 fessi
486 1758 657 1836 pugnando,
676 1759 759 1818 nullo
782 1759 895 1819 laboris
918 1762 1116 1834 consequente
1138 1776 1282 1818 successu.

224 1870 249 1911 rs
265 1867 337 1907 nam
369 1844 436 1907 cum
454 1838 584 1907 'summa
616 1847 783 1923 desperatio
811 1851 902 1921 esset,
934 1850 987 1907 aut
1013 1849 1193 1924 praecipites
1220 1866 1283 1907 sese

265 1937 410 1998 dederant
433 1941 487 2020 ant
509 1939 625 1996 animas
648 1955 717 1997 suas
740 1940 771 1996 et
793 1938 921 2014 propria·
946 1944 1071 2013 corpora
1097 1936 1284 1996 tradiderant

264 2027 417 2096 flammis·
440 2041 515 2085 ecce-
531 2027 624 2085 etiam
640 2025 806 2086 hiosolum
829 2043 860 2085 se
883 2026 996 2085 adserit
1017 2027 1196 2086 remansisse
1218 2027 1283 2085 lau·

265 2116 341 2176 dans
365 2111 478 2175 occulte
500 2114 590 2174 fidem
614 2132 698 2174 suam
721 2117 752 2175 et
775 2115 981 2176 constantiam.
1024 2115 1176 2176 subtiliter
1197 2133 1283 2191 prae·

264 2207 377 2264 teriene
400 2208 520 2265 excusat
543 2207 723 2263 et'matrem
747 2223 841 2279 suam,
869 2223 960 2280 quam
983 2204 1140 2265 constabat
1163 2220 1283 2265 causam

223 2316 251 2357 so
264 2294 357 2353 fuisse
380 2294 528 2352 malorum
551 2296 683 2354 omnium
707 2312 783 2369 quae
801 2288 958 2356 narrabat
992 2312 1059 2354 enen
1076 2296 1149 2353 rnr'br'
1166 2311 1205 2362 se,
1223 2311 1284 2353 non

265 2388 334 2442 ante
356 2382 448 2441 oculis
470 2387 531 2441 tam
549 2384 644 2451 'clara
662 2383 820 2442 videndam
838 2383 940 2441 obtulit
957 2385 984 2441 ct
995 2401 1078 2456 para
1091 2401 1148 2456 per
1164 2385 1336 2441 naetemoso

264 2476 298 2532 in
317 2472 381 2531 lnce
398 2471 514 2545 refulsit
532 2472 612 2531 alma
624 2489 738 2545 parens
756 2472 890 2544 consessa
908 2472 993 2530 deam
1016 2472 1168 2545 annaque
1188 2471 1283 2530 videri

265 2562 410 2621 radicalis
443 2565 469 2620 et
500 2565 611 2635 quanta
642 2562 713 2619 solet
743 2560 901 2634 dextraque
931 2561 1110 2633 prehensum
1141 2561 1283 2619 continuit

264 2650 500 2724 roseoque·baec
526 2652 647 2723 insuper
669 2649 790 2708 addidit
806 2666 870 2707 ore:
901 2648 977 2708 dixit
1000 2651 1100 2709 omnis·
1120 2648 1282 2710 deseruisse

225 2762 250 2802 n
265 2739 348 2817 quod
366 2738 505 2817 agebant,
520 2758 586 2798 cum
605 2737 797 2798 defenderent
813 2737 935 2797 domum
948 2738 1063 2797 Priami
1081 2740 1112 2796 et
1124 2737 1156 2795 id
1170 2737 1283 2802 frustra

264 2830 412 2887 facerent:
434 2829 499 2903 ipse
522 2844 580 2904 qno
598 2828 686 2887 modo
704 2828 860 2887 recesserit
877 2826 959 2903 dicit,
977 2845 1014 2886 ne
1033 2826 1170 2885 videatur
1188 2826 1280 2885 etiam

263 2920 331 2994 ipse
354 2918 454 2992 operis
476 2917 578 2975 labore
600 2917 746 2994 fatigatus
769 2916 933 2975 recessisse.
971 2925 1082 2991 omnes,
1104 2916 1214 2990 inquit
1237 2915 1281 2972 la-

263 3005 400 3065 borando
431 3005 502 3065 fessi
534 3008 564 3064 et
595 3007 658 3064 sine
690 3006 793 3083 aliqua
825 3004 959 3064 utilitate
991 3004 1131 3064 certando
1169 3003 1281 3064 debiles

263 3094 377 3155 redditi
404 3092 507 3153 taedio¹
531 3093 721 3153 adversarum
748 3114 850 3153 rerum
877 3093 954 3153 mori
980 3093 1150 3153 maluerant
1177 3095 1208 3152 et
1230 3093 1282 3151 du-

225 3207 250 3247 so
265 3185 376 3260 plicam
400 3182 587 3242 voluntariae
600 3184 715 3243 'mortis
733 3183 919 3243 occasionem
936 3183 1048 3257 nancti,
1067 3201 1135 3242 cum
1153 3181 1282 3241 altitudo

263 3292 327 3333 non
350 3272 466 3331 deesset
487 3275 518 3331 et
539 3271 677 3332 incendia
700 3272 932 3346 dominarentur,
955 3274 1010 3330 aut
1032 3272 1211 3349 praecipites
1233 3271 1282 3330 de·

264 3363 375 3421 derant
402 3378 465 3430 sese
493 3364 546 3419 aut
573 3362 724 3438 petierant
749 3360 899 3420 flammas:
935 3380 972 3420 ne
1001 3362 1032 3420 et
1058 3362 1123 3437 ipse
1154 3360 1283 3420 alterum

263 3452 396 3511 facerem
424 3451 489 3525 aut,
514 3449 593 3524 quod
616 3453 770 3525 supererat
792 3451 929 3526 tertium,
950 3450 1045 3510 hostis
1070 3449 1215 3509 occideret
1237 3466 1281 3506 re·

338 3608 354 3656 b
374 3603 503 3657 interisse
521 3600 574 3654 th
592 3602 635 3655 ed.
656 3608 725 3655 ·tnm
742 3619 763 3656 r.
839 3608 873 3656 14
891 3607 1078 3670 consequentes
1096 3601 1148 3654 LR
1169 3607 1206 3655 -re
1223 3618 1245 3654 r.

265 3681 299 3730 1s
318 3674 429 3730 animos
447 3672 490 3728 ed.
517 3673 521 3744 Ι
549 3688 616 3727 snas
633 3688 686 3727 om.
702 3672 745 3741 ed.
820 3678 853 3728 18
870 3678 1026 3743 praeterere
1043 3672 1069 3724 n
1083 3673 1242 3741 praeferens
1259 3688 1281 3724 r.

319 3750 355 3800 20
374 3745 524 3799 enarrabat
543 3743 585 3797 ed.
609 3746 614 3813 Ι
638 3759 734 3798 versus
753 3748 894 3799 ott—588
913 3742 1027 3797 silentio
1045 3742 1194 3812 praeteriit
1210 3741 1280 3796 Don.

319 3822 355 3871 29
373 3815 465 3871 reddit
483 3814 512 3869 L.
538 3818 543 3885 Ι
571 3816 728 3870 manserant
746 3814 799 3869 LR
817 3816 860 3870 ed.
934 3819 968 3869 8⁸
987 3821 1099 3883 superat
1117 3814 1146 3868 L.

1019 3903 1074 3961 rs·
1132 3894 1136 3902 “
