3250 4350
597 439 600 444 -
706 402 889 457 AENEIDOS
908 403 946 456 ΠΙ
990 443 993 449 -
1272 403 1336 468 301

305 572 458 644 'cibusque
484 573 583 630 iuberet
609 589 758 652 exposcere
778 588 898 645 pacem:
929 592 1022 648 usque
1050 573 1124 632 adeo
1148 572 1338 632 conciderant

316 662 417 733 metu,
448 663 484 718 ut
515 661 635 720 adfectu
667 661 799 720 bellandi
830 663 940 721 reiecto
973 663 1141 720 censuerint
1171 661 1338 720 fundendas

317 767 424 825 preces
452 750 572 809 offensis
595 752 626 808 et
648 756 720 810 vota
742 751 880 810 facienda
902 752 958 809 hoc
981 750 1208 830 estsaorifioia,
1232 750 1338 826 quibus

317 838 437 914 placari
468 839 636 914 potuissent
667 843 698 898 et
729 841 849 898 veniam
880 840 959 899 dare.
1004 842 1065 899 sive
1096 842 1167 900 dece
1198 843 1265 898 sec'
1280 842 1340 898 sict
1379 885 1381 890 .

287 930 407 989 sdirae
433 928 625 1001 obscenaeque
646 930 789 988 uolucres:
821 948 876 987 nee
899 929 1091 1007 cogitandum
1112 930 1145 986 in
1167 929 1225 987 tali
1248 947 1338 989 causa

319 1035 400 1092 quae
418 1021 517 1076 essent
535 1020 670 1076 auctores
688 1017 836 1077 dictorum
853 1018 961 1076 talium
975 1019 1024 1077 vel
1037 1018 1150 1093 quales,
1163 1018 1215 1078 sed
1235 1017 1338 1092 qualis

319 1107 404 1165 dicta
423 1107 484 1164 sint
501 1105 762 1180 considerandum3
786 1109 849 1166 sive
868 1110 947 1166 enirn
966 1110 1065 1166 essent
1083 1107 1155 1166 deae
1174 1107 1236 1166 slve
1254 1126 1338 1166 mon·

318 1198 456 1254 struosae
474 1196 618 1271 volucres,
636 1196 854 1271 respiciendum
875 1215 933 1255 non
957 1215 1029 1270 esse,
1051 1196 1221 1255 dummodo
1233 1197 1339 1254 fierent

319 1302 357 1343 ea
392 1284 497 1359 quibus
518 1283 708 1343 ‚inminentia
740 1285 821 1344 mala
851 1286 996 1344 removeri
1023 1288 1151 1361 possent.
1179 1289 1229 1344 -at
1250 1289 1338 1358 peter

272 1397 302 1435 ιο
318 1370 464 1431 Anchises
482 1376 583 1446 pessis
606 1374 641 1432 de
664 1375 746 1434 litore
763 1375 877 1447 sumis
898 1377 1021 1434 comice
1044 1391 1154 1449 meque
1175 1378 1259 1433 uocet
1279 1391 1338 1432 me·

317 1465 448 1534 ritusque
474 1464 578 1521 indicit
602 1464 739 1522 bonores:
775 1463 911 1522 omnibus
942 1464 1015 1523 locis
1043 1463 1194 1541 Vergilius
1225 1464 1338 1538 primas

317 1551 375 1608 dat
399 1550 547 1610 Anchisae
570 1553 762 1611 consiliorum
785 1553 920 1611 omnium
937 1553 1032 1628 partis
1050 1554 1168 1628 ipsique
1187 1570 1338 1610 sacrorum

318 1640 478 1699 scientiam
500 1641 620 1715 plenam
643 1641 734 1701 fuisse
753 1645 973 1701 commemorat.
1008 1641 1135 1718 denique
1155 1642 1227 1716 quid
1246 1642 1338 1719 signi-

316 1729 425 1787 ficaret
451 1725 617 1805 procedens
641 1750 676 1789 ex
704 1730 801 1806 capite
823 1730 947 1789 Ascanii
974 1731 1094 1790 flamma
1118 1733 1183 1806 ipse
1204 1730 1339 1805 prodidit

271 1840 300 1879 rs
317 1821 352 1878 et
384 1818 633 1893 quemadmodum
665 1819 807 1896 Polydori
842 1821 995 1894 piaculum
1029 1821 1153 1897 purgari
1189 1821 1338 1895 potuisset

316 1909 386 1984 ipse
409 1910 597 1980 monstravit,
620 1910 715 1985 ipsius
738 1909 870 1968 consiliis
894 1911 1039 1967 steterunt
1065 1907 1212 1967 desideria
1234 1909 1338 1968 Troia-

316 2016 436 2056 norum.
471 1997 624 2055 videamus
643 1993 739 2056 ethic
758 1997 832 2074 quid
850 1998 968 2058 consilii
985 1996 1132 2071 habuerit,
1151 2017 1218 2056 eum
1237 2016 1337 2056 omnes

318 2086 446 2145 Troiani
482 2085 613 2145 dicerent
648 2087 709 2146 sive
744 2087 817 2145 deae
846 2105 898 2146 seu
930 2087 990 2146 sint
1022 2087 1104 2144 dirae
1136 2086 1338 2161 obscenaeque

318 2177 471 2249 volueres,
503 2176 664 2252 placandas
692 2195 756 2235 osse
783 2178 862 2236 votis
890 2180 921 2235 et
946 2176 1092 2253 precibus.
1137 2176 1201 2243 ille,
1229 2178 1338 2252 inquit,

271 2286 302 2326 so
317 2261 600 2342 providentissimus
631 2285 691 2323 non
722 2270 842 2325 secutus
874 2270 919 2325 est
951 2285 1079 2325 errorem
1106 2267 1253 2339 omnium,
1287 2267 1338 2340 qui

316 2354 494 2413 tractabant
521 2353 682 2429 superflua,
714 2374 751 2413 ne
779 2356 897 2415 omissis
923 2355 1002 2415 veris
1030 2355 1178 2430 obsequiis
1205 2356 1339 2413 facerent

317 2463 357 2502 oa
379 2435 463 2518 'quae
489 2444 615 2502 instanti
642 2444 815 2503 necessitati
845 2444 984 2519 prodesse
1015 2464 1075 2503 nou
1097 2447 1241 2520 possent:
1278 2463 1338 2502 non

316 2536 411 2611 rogat
437 2532 608 2607 harpyiam‚
634 2553 725 2609 quam
753 2533 909 2593 constabat
932 2552 994 2592 esse
1017 2536 1249 2606 monstruosam,
1277 2552 1337 2590 non

316 2624 411 2699 rogat
439 2641 504 2680 eam
532 2640 610 2697 quae
638 2640 668 2681 se
696 2622 824 2681 aliorum
851 2623 997 2681 iussiones
1022 2623 1180 2697 pertulisse
1203 2623 1338 2695 professa

271 2731 301 2771 ss
318 2714 381 2784 est,
409 2729 469 2768 non
495 2714 584 2787 rogat
611 2730 677 2769 eam
706 2731 783 2786 quae
811 2714 1021 2770 auctoritatem
1046 2710 1232 2786 praeferebat
1255 2713 1337 2786 pote-

317 2800 411 2860 statis
434 2800 559 2872 alienae,
581 2799 716 2877 rogabat,
739 2801 847 2876 inquit,
869 2819 980 2878 magna
1003 2802 1138 2872 numina3
1169 2800 1236 2873 ipsa
1259 2799 1338 2858 enim

317 2889 470 2965 placanda
501 2889 634 2961 fuerant,
669 2889 778 2963 quibus
811 2890 894 2967 origo
927 2890 1029 2947 feralis
1057 2888 1156 2946 nuntii
1184 2888 1339 2948 dicebatur

318 2967 433 3037 exorta.
479 2977 661 3053 meritosque
684 2977 791 3036 indicit
813 2978 952 3036 honores:
982 2979 1102 3035 meritos
1126 2976 1266 3036 debemus
1290 2996 1338 3037 ac·

317 3068 420 3142 cipere
444 3085 504 3125 non
527 3066 641 3125 delatos
664 3066 786 3143 harpyis
809 3068 930 3140 frustra,
953 3070 988 3124 ut
1010 3066 1100 3124 ceteri
1121 3066 1269 3140 dicebant,
1288 3068 1338 3127 sed

272 3176 302 3216 so
317 3156 378 3214 diis
402 3156 592 3229 potissimum
615 3156 816 3215 convenientis
833 3174 889 3232 pro
907 3154 1113 3231 magnitudine
1130 3156 1285 3230 petitionis
1309 3160 1340 3216 et

317 3265 425 3304 eorum
462 3262 590 3319 persona
624 3246 676 3318 qui
711 3264 779 3303 vere
814 3246 936 3303 fuerant
965 3243 1092 3322 rogandi
1128 3249 1181 3304 sut
1216 3245 1338 3305 meritos

318 3369 350 3375 ..-
353 3367 446 3374 .....
449 3366 537 3373 -.——.-

397 3438 410 3484 1
430 3432 505 3486 iubet
524 3431 575 3484 th
593 3448 662 3484 corr.
681 3448 703 3484 r.
809 3436 826 3483 4
842 3432 955 3499 placare
973 3432 1024 3484 th
1043 3432 1102 3486 cdl*
1117 3434 1227 3500 plaeere
1245 3432 1271 3484 H
1290 3432 1338 3485 edl

314 3505 432 3576 placari
450 3519 508 3557 nos.
539 3507 543 3570 Ι
577 3503 644 3556 dare
661 3501 714 3554 th
736 3501 779 3555 vel
798 3504 943 3571 impetrare
960 3502 991 3555 r'.
1083 3505 1159 3557 boel
1176 3505 1256 3571 quale
1273 3509 1339 3557 esset

318 3577 373 3631 th
393 3575 441 3629 sed
459 3576 539 3643 quale
558 3581 623 3629 esset
638 3576 702 3641 pati
718 3572 741 3625 r'
759 3575 801 3627 cel
818 3576 898 3642 quate
916 3582 982 3629 esset
998 3576 1045 3629 sed
1064 3574 1107 3627 ed.
1127 3577 1168 3628 cel
1186 3577 1279 3642 quoles
1292 3575 1338 3628 sed

317 3666 381 3702 nos.
438 3652 471 3699 21
491 3662 540 3700 esee
557 3645 749 3699 bltuered.
805 3645 1132 3715 2bperferebatthed.
1188 3646 1339 3713 atquibus

317 3720 374 3773 LR
395 3716 439 3770 ed.
458 3736 477 3771 a
495 3722 558 3785 qu?
592 3719 596 3785 1
630 3717 791 3771 dicebantur
808 3716 861 3769 LR
879 3733 947 3771 corr.
963 3718 1005 3771 ed.
1106 3721 1139 3769 29
1158 3718 1268 3784 plustre
1285 3715 1338 3769 LR

316 3794 431 3859 frustra
449 3807 463 3840 r
481 3789 592 3855 offensis
610 3788 652 3841 ed.
722 3791 755 3841 30
771 3789 924 3857 potissimis
940 3808 962 3841 r.
1030 3794 1063 3841 31
1083 3805 1177 3842 seuere
1195 3788 1220 3840 R
1237 3804 1330 3844 cerer
