3250 4350
670 403 854 459 AENEIDOS
873 403 912 458 IV
1238 403 1306 467 409

283 576 359 632 tuae
387 591 441 631 seu
468 573 577 646 falsae,
603 591 658 632 nee
684 575 771 632 teneo
798 577 830 633 te
852 592 907 632 neo
930 591 966 631 ea
989 591 1066 648 quae
1088 571 1163 632 dieis
1186 571 1306 631 obiectu

284 661 456 737 cuiuspiam
475 660 688 736 disputationis
706 679 852 738 expugno.
888 664 909 730 ι’,
928 662 1304 733 mortuummare,

278 755 349 825 pete
375 768 467 824 repas
489 767 546 823 per
573 751 685 810 audes:
717 764 800 825 spero
823 751 954 824 equidem
975 751 1089 819 mediis,
1111 752 1138 809 si
1160 750 1231 822 qaid
1247 753 1306 824 pia

283 842 412 898 namsiao
429 843 562 912 possunt,
581 841 727 913 supplicia
743 841 910 898 hausurum
926 839 1067 912 scopate:
1089 839 1185 898 iratae
1203 841 1305 898 animo

284 929 389 987 loenta
413 930 467 1002 est,
490 927 542 987 sod
563 928 621 987 tali
644 946 750 1005 genere
773 927 923 1003 diationis,
942 928 1023 1004 quod
1041 927 1115 987 duos
1133 927 1305 987 intellectus

285 1017 439 1077 admittat.
485 1037 578 1075 unum
606 1021 651 1076 est
678 1036 737 1094 quo
767 1036 835 1075 eum
861 1019 968 1091 terret,
994 1035 1032 1076 ne
1059 1017 1188 1096 naviget.
1234 1035 1306 1076 nam

286 1105 370 1182 quod
393 1106 468 1164 dixit
486 1105 506 1180 i,
525 1125 647 1181 sequere
665 1106 786 1166 Italiam
805 1108 912 1180 ventis,
930 1109 1000 1182 pete
1017 1124 1110 1184 regna
1128 1125 1183 1181 per
1200 1105 1304 1181 undas,

285 1214 347 1253 non
372 1210 406 1253 ex
430 1194 530 1254 animo
556 1194 686 1270 dieebat3
716 1215 786 1254 nam
809 1195 918 1254 obiecit
940 1195 1036 1253 undas
1059 1198 1090 1254 et
1111 1198 1216 1255 ventos
1239 1196 1305 1270 qui-

284 1283 343 1342 bus
370 1287 495 1342 terreret
522 1288 740 1359 properantem.
785 1284 893 1359 quodsi
920 1286 1021 1343 animo
1050 1285 1199 1344 mamus
1230 1284 1306 1342 haee

285 1373 413 1446 diceret,
444 1372 489 1431 ita
521 1372 624 1431 debuit
655 1373 751 1449 loqui:
788 1373 812 1448 i,
844 1392 979 1449 sequere,
1011 1377 1080 1449 pete
1106 1391 1213 1450 regna,
1244 1391 1304 1432 non

286 1462 464 1539 adiungeret
487 1463 568 1537 quod
589 1464 690 1520 timeri
713 1462 864 1522 debuisset
886 1462 1024 1537 quodque
1046 1462 1218 1538 inpediente
1245 1463 1305 1520 ior·

284 1550 399 1609 midine
435 1554 588 1610 revocaret
623 1552 794 1610 instantem.
846 1551 896 1610 hio
932 1554 978 1611 est
1013 1551 1183 1610 intellectus
1214 1553 1306 1610 unius

286 1639 510 1715 disputationis
528 1641 681 1700 videamus
701 1641 754 1716 qui
772 1641 812 1699 sit
831 1640 924 1712 alius3.
944 1640 1028 1714 bene,
1046 1638 1155 1715 inquit,
1169 1642 1304 1718 contigit,

285 1728 369 1805 quod
401 1727 601 1787 desideratum
636 1729 796 1805 imperium
829 1729 937 1788 Italiae
973 1730 1072 1787 ventis
1104 1732 1135 1787 et
1165 1728 1305 1789 fluetibus

283 1818 438 1896 petiturus
466 1837 509 1892 es,
537 1817 651 1878 habebo
681 1821 865 1877 occasionem
890 1837 949 1893 qua
971 1817 1084 1893 poesim
1106 1820 1167 1878 tuis
1191 1819 1304 1894 suppli-

283 1908 342 1967 eiis
369 1907 529 1980 vindieari3
562 1925 647 1982 spero
675 1908 755 1965 enim
781 1910 812 1966 te
842 1925 897 1982 pro
920 1906 1035 1965 meritis
1058 1907 1118 1965 tuis
1141 1908 1220 1965 inter
1241 1925 1304 1966 soo-

282 1996 376 2073 pulos
404 1996 567 2054 hausurum
594 1997 764 2055 innumeras
791 2013 917 2072 poenas,
949 1995 982 2053 id
1013 1998 1059 2054 est
1090 1997 1238 2070 visurum,
1271 2000 1306 2054 ut

283 2085 348 2145 alio
376 2085 441 2144 loco
471 2078 566 2165 (661)
597 2084 735 2160 „hauriat
761 2085 840 2144 hune
867 2085 961 2144 oeulis
987 2086 1089 2162 ignem
1115 2085 1245 2143 erudelis
1266 2085 1306 2145 ab

282 2176 350 2235 alto
379 2174 566 2248 Dardanus“‚
597 2176 653 2233 hoo
682 2177 727 2233 est
753 2175 863 2234 videet.
910 2179 936 2234 et
963 2176 1080 2233 nomiae
1105 2174 1187 2234 Dido
1218 2189 1305 2247 saepe

282 2268 471 2323 amaturum:
506 2267 591 2337 tune,
619 2263 676 2337 ait,
703 2264 905 2323 recordaberis
931 2264 991 2323 mei
1018 2268 1049 2322 et
1075 2282 1183 2323 nomen
1205 2283 1304 2322 meam

281 2354 399 2412 frustra
422 2354 609 2428 frequentius
631 2356 756 2429 repetes,
775 2352 894 2428 quando
916 2352 974 2411 tibi
996 2353 1135 2412 eonoluso
1159 2352 1303 2411 discrimi-

281 2462 357 2501 num
389 2447 476 2500 ooetu
502 2442 638 2516 exemplo
665 2443 774 2518 prioris
804 2442 1023 2501 benivolentiae
1056 2442 1213 2500 subvenire
1244 2460 1304 2499 non

281 2535 400 2609 potero.
454 2549 561 2603 sequar
592 2525 673 2590 atris
697 2533 814 2604 ionibus
848 2532 968 2590 absens:
1007 2530 1220 2608 imaginabens
1257 2548 1305 2588 me

282 2620 454 2679 absentem:
485 2621 572 2695 quasi
595 2624 625 2679 te
649 2620 765 2679 facibus
787 2637 951 2696 persequar
972 2638 1120 2696 praesens.
1157 2618 1214 2677 hoo
1236 2619 1303 2677 loeo

283 2709 440 2769 absentem
465 2709 518 2767 elii
540 2712 690 2767 mortuam
712 2709 818 2767 volunt
841 2713 871 2767 et
892 2708 966 2767 dant
985 2709 1120 2784 exempla
1138 2707 1302 2784 inproprie,

282 2801 321 2857 ut
345 2815 405 2855 non
428 2816 497 2872 uno,
520 2798 572 2857 sed
595 2798 732 2874 plurimis
755 2798 831 2857 loeis
854 2797 1018 2874 probentur
1045 2815 1151 2856 arram.
1197 2796 1304 2855 horum

281 2888 418 2964 primum
447 2892 491 2945 est
519 2879 564 2966 (9,
585 2880 664 2968 215)
694 2886 829 2961 „absenti
860 2888 940 2945 ferat
970 2887 1093 2945 inferias
1125 2885 1304 2961 decoretque

282 2974 475 3051 sepulchro“;
511 2995 581 3033 nam
610 2979 640 3033 et
666 2975 730 3033 illio
757 2975 910 3034 absentem
937 2978 1088 3033 mortuum
1115 2974 1303 3054 intellegtmt

282 3083 415 3141 quorum
438 3084 550 3123 errores
574 3066 729 3140 sequentia
751 3063 893 3140 probant,
916 3082 987 3122 nom
1010 3065 1145 3139 sequitur
1168 3069 1206 3133 et,
1229 3070 1357 3124 oumttt

281 3153 400 3229 frigida
426 3170 504 3212 mors
531 3154 633 3211 anima
658 3154 805 3212 sedarmt
826 3156 923 3221 ortas,
951 3154 1084 3212 omuibus
1106 3154 1222 3212 ambro
1235 3155 1304 3212 loeis

284 3242 391 3302 adero:
415 3260 480 3300 oum
500 3244 581 3315 vivo,
597 3241 707 3318 inquit,
724 3240 845 3301 timebis
867 3261 915 3301 me
939 3241 1092 3301 absentem
1111 3245 1150 3315 et,
1169 3243 1255 3318 quasi
1272 3245 1303 3301 te

284 3332 398 3390 infesta
424 3349 598 3407 persequar,
626 3349 742 3407 semper
769 3334 800 3389 et
826 3330 937 3406 ubique
966 3329 1146 3398 terreberis..
1162 3376 1168 3389 .
1185 3377 1190 3387 .
1207 3376 1213 3387 .
1230 3376 1235 3388 .
1252 3376 1258 3388 .
1274 3377 1280 3389 .
1297 3376 1303 3406 ‚

474 3419 567 3479 Deest
589 3421 800 3496 interpretatio
822 3438 916 3496 usque
940 3420 979 3477 ad
1001 3439 1029 3478 v.
1045 3420 1119 3477 621.
1312 3410 1316 3420 ⁴

358 3571 708 3640 tetqaidembltoorrr.
764 3578 797 3625 13
817 3570 1005 3641 postmisit
1023 3570 1303 3641 quissredpuia.

287 3657 343 3697 uos.
411 3647 444 3695 15
462 3643 547 3697 babeo
565 3643 598 3697 R.
664 3649 696 3696 lt
715 3643 857 3697 vindicari
874 3642 927 3695 LE
945 3642 1046 3696 laetari
1061 3642 1107 3695 ed.
1177 3647 1212 3696 18
1228 3657 1306 3696 auu

287 3710 346 3781 La,
367 3713 416 3766 sed
435 3717 486 3767 661
505 3714 586 3768 tuno.
646 3718 679 3767 22
699 3714 816 3783 exempti
833 3713 886 3767 th
903 3713 1024 3782 aempto
1042 3712 1067 3766 U
1086 3712 1129 3767 ed.
1189 3718 1223 3767 81
1239 3715 1300 3768 ¹airu

278 3778 339 3837 Lu·
357 3790 466 3839 ruorbea
483 3788 563 3852 fuero
581 3784 624 3839 ed.
691 3787 725 3838 '32
744 3787 810 3854 post
827 3785 968 3840 &notent
985 3784 1015 3837 in
1033 3784 1055 3837 L
1074 3783 1137 3838 folii
1153 3788 1204 3839 120
1221 3781 1293 3855 pegi
