3250 4350
325 402 367 468 98
605 401 745 456 DONATI
761 401 931 456 INTERPR.
951 399 1059 455 VERG.

325 574 432 647 utique
456 571 618 648 gloriosum
645 570 706 630 fuit
733 575 868 630 catervas
895 571 1028 629 hostium
1055 572 1087 630 et
1109 571 1258 630 confertos
1280 571 1342 646 pri·

324 681 441 721 mamm
464 678 571 720 cuneos
593 679 654 719 non
676 662 821 718 timuisse.
858 676 980 731 eoasque
1002 661 1078 719 acies
1102 664 1129 718 et
1148 662 1230 734 uiuri
1247 660 1343 719 Meros·

324 751 410 809 uouie
433 767 533 809 arma:
563 750 687 826 agnovit
708 768 769 808 non
792 749 884 808 semel
907 748 1112 824 accipiendum
1135 752 1193 823 est3
1217 750 1344 826 agnovit

326 840 406 898 enim
429 857 459 897 se
481 837 608 912 Aeneas,
627 837 751 915 agnovit
774 856 843 896 eoas
863 839 950 912 acies,
969 837 1093 915 agnovit
1110 837 1191 916 nigri
1207 837 1342 898 Memno-

272 929 381 988 490nis
405 946 496 987 arma.
541 928 623 987 ducit
644 925 862 986 Amazonidum
884 928 997 986 tuuatis
1018 929 1140 1000 aamiua
1156 928 1246 999 peltis
1266 927 1344 986 Peu-
1368 948 1380 988 s

325 1017 442 1076 ttesdea
464 1019 567 1090 furem
590 1018 749 1090 mediisque
769 1018 803 1075 iu
825 1015 944 1075 mitibus
962 1017 1045 1075 ardet
1063 1034 1155 1074 aurea
1173 1017 1344 1076 summatem

325 1111 437 1166 eaemae
460 1107 577 1179 eiuauta
599 1124 745 1164 mammae
767 1105 903 1164 bellatrix
920 1106 1063 1178 audetque
1080 1106 1153 1163 uiris
1172 1122 1345 1165 concurrere

324 1197 420 1268 uiroc:
456 1194 576 1254 laudem
607 1194 683 1253 dixit
714 1196 777 1254 eius
811 1213 887 1269 quae
919 1196 952 1252 in
983 1195 1126 1252 feminino
1158 1212 1230 1253 sexu
1258 1195 1345 1254 vinti

325 1283 451 1342 audacia
478 1283 649 1342 ducebatur.
695 1283 750 1342 illa
778 1286 858 1342 enim
885 1285 972 1341 tanta
1002 1285 1171 1342 constantia
1202 1284 1276 1357 fuit,
1309 1287 1344 1342 ut

325 1374 546 1451 congressiones
578 1371 702 1432 bellicas
734 1374 808 1432 viris
841 1371 1024 1431 asstantibus
1053 1391 1113 1431 non
1139 1372 1260 1432 timeret
1289 1391 1343 1432 nec
1356 1394 1381 1434 rc

323 1465 513 1521 revocaretur
535 1462 679 1541 virginali
701 1462 888 1522 verecundia.
927 1464 1014 1520 tanta
1037 1463 1137 1519 autem
1159 1461 1270 1521 fiducia
1292 1481 1343 1520 ve·

324 1553 388 1610 nire
416 1551 574 1611 videbatur
600 1553 776 1627 tantumque
800 1551 904 1609 ardere
926 1550 959 1609 in
982 1550 1109 1623 bellurn,
1135 1553 1171 1608 ut
1193 1549 1275 1626 quod
1298 1569 1342 1610 se·

325 1642 438 1698 cretum
457 1658 519 1699 esse
538 1640 704 1718 virginibus
724 1642 800 1700 solet
817 1641 872 1698 illa
891 1640 1011 1698 offerret
1028 1639 1209 1713 videntibus,
1227 1640 1343 1699 scilieet

324 1747 392 1788 cum
428 1731 529 1788 exerta
564 1730 680 1806 papilla
715 1733 872 1807 pugnaret.
926 1730 1059 1804 pertinet
1089 1728 1145 1787 hoc
1178 1730 1271 1787 etiam
1304 1729 1344 1788 ad

324 1819 499 1895 proeliantis
528 1818 698 1892 audaciam,
725 1821 760 1876 ut
786 1821 937 1895 pugnaret
964 1818 1075 1876 femina
1099 1836 1154 1876 nec
1176 1818 1342 1876 munimine
1355 1838 1379 1880 a

323 1909 476 1985 tegeretur
499 1927 657 1966 armorum.

390 1996 473 2054 Haec
492 1999 592 2054 omnia
605 1996 791 2072 picturarum
805 2014 882 2069 quae
896 1996 1066 2071 specialiter
1079 2000 1170 2072 poeta
1184 1995 1343 2071 descripsit

324 2104 384 2144 non
407 2085 470 2143 sola
493 2085 616 2143 suerunt
638 2085 671 2143 in
693 2085 815 2160 templa,
839 2085 890 2144 sed
913 2084 1129 2144 considerantis
1153 2084 1274 2144 Aeneae
1297 2087 1341 2143 in·

324 2176 487 2233 tentionem
507 2175 651 2234 adventus
665 2175 792 2233 Didonis
810 2174 1010 2233 interveniens
1028 2175 1118 2250 rupit.
1147 2175 1228 2249 quod
1241 2177 1341 2250 ipsum

324 2265 367 2323 sic
383 2264 579 2340 inperfectum
597 2267 671 2340 poni
689 2267 880 2338 convenerat3
905 2265 982 2323 esset
1000 2266 1079 2323 enim
1097 2267 1203 2339 poetae
1221 2266 1341 2339 vitium,
1353 2285 1376 2324 sc

324 2355 350 2413 si
373 2353 510 2429 conplete
533 2355 665 2412 omnium
687 2355 876 2430 picturarum
902 2354 1071 2428 spectaculo
1098 2353 1266 2412 induxisset
1289 2354 1340 2410 Di-

324 2442 430 2501 donem
448 2443 632 2517 processisse.
665 2442 791 2517 denique
812 2444 855 2501 sic
872 2444 987 2517 posuit:
1004 2444 1074 2502 haee
1091 2443 1163 2500 dum
1179 2443 1340 2502 Dardam'o

270 2537 322 2585 495
332 2530 449 2591 Aeaeae
471 2534 611 2590 miraudu
633 2534 777 2599 uideatur,
801 2533 873 2589 dum
894 2536 989 2604 stupet
1006 2533 1160 2603 obtutuque
1176 2532 1276 2591 haeret
1294 2533 1341 2591 dc

323 2623 402 2691 daus
429 2624 462 2679 iu
489 2639 555 2679 mco.
606 2640 666 2679 non
694 2621 770 2680 dixit
798 2640 866 2679 cum
892 2621 966 2680 haec
994 2622 1094 2679 omnia
1124 2620 1340 2680 considerasset

323 2710 449 2783 Aeneas,
468 2710 519 2768 sed
542 2712 586 2769 ait
609 2710 680 2769 dum
699 2710 875 2782 considerat,
894 2708 965 2766 dum
983 2711 1119 2783 miratur,
1138 2710 1212 2767 dum
1230 2712 1375 2786 stupetis

324 2798 394 2856 dum
423 2801 523 2856 omnia
550 2799 604 2858 illa
631 2799 690 2857 fixa
717 2800 883 2857 intentione
907 2798 1086 2872 considerat,
1114 2800 1150 2856 ut
1171 2799 1341 2858 ostenderet

325 2888 507 2961 superfuisse
544 2888 641 2945 adhuc
676 2889 785 2961 multa,
828 2906 903 2962 quae
941 2887 1121 2947 considerari
1163 2890 1338 2963 potuissent.

324 2994 434 3052 magna
462 2978 562 3033 tamen
589 2977 621 3033 in
647 2979 738 3053 poeta
765 2976 894 3034 latitudo
922 2995 983 3034 non
1009 2976 1127 3048 multiS,
1155 2976 1206 3035 sed
1234 2978 1339 3053 paucis

325 3083 471 3139 expressa,
494 3067 529 3122 ut
551 3084 611 3123 una
633 3084 680 3123 res
704 3065 923 3139 quadripertito
947 3067 1046 3139 posita
1068 3064 1243 3125 brevissime
1262 3067 1338 3126 dice·

325 3156 414 3211 retur.
450 3173 520 3211 nam
538 3157 572 3212 ut
591 3158 636 3212 est
659 3156 766 3212 summi
785 3154 907 3213 dictoris
925 3172 972 3212 res
991 3153 1088 3213 brevis
1106 3154 1168 3213 late
1187 3156 1376 3233 dissererem

397 3359 578 3430 latoriosum
596 3359 653 3424 fuit
670 3358 722 3411 LR
739 3359 760 3425 f.
780 3360 815 3429 ai.
835 3376 901 3412 uam
920 3359 962 3412 ed.
994 3361 997 3427 Ι
1027 3359 1240 3424 confertissimos
1259 3363 1303 3415 ed.

324 3433 481 3485 ttimuiese
495 3430 547 3482 LR
566 3436 583 3483 t.
599 3431 737 3500 siginificat
751 3431 794 3483 ed.
850 3435 955 3483 Sseau
968 3430 1021 3482 LR
1038 3432 1134 3485 habitu
1153 3431 1196 3484 ed.
1253 3435 1338 3488 udu-

324 3505 433 3557 cedatur
446 3502 467 3555 L
487 3502 529 3555 ed.
550 3502 696 3555 didebatur
710 3502 735 3553 Po
753 3501 911 3555 dicebatur?
967 3507 1000 3554 14
1018 3502 1100 3555 etiam
1114 3502 1167 3555 LR
1185 3509 1277 3558 autem
1296 3506 1339 3559 ed.

360 3572 644 3641 15uecLunaeed.
689 3577 721 3625 17
731 3573 860 3626 describit
869 3572 911 3624 ed.
951 3579 983 3625 18
993 3573 1081 3626 solum
1091 3573 1133 3626 ed.
1171 3578 1340 3631 timonium

221 3646 233 3665 ‘
319 3645 421 3698 omed.
470 3645 693 3712 summouere
708 3644 750 3697 ed.
793 3643 1306 3711 athaeeom.ed.1comiderareted.

302 3718 340 3763 25
352 3716 401 3768 aad
410 3716 481 3770 dum
494 3716 723 3773 consideratLR
737 3717 805 3773 dum
819 3714 974 3773 considerat
987 3713 1112 3767 deictum
1119 3714 1180 3770 vult
1194 3735 1209 3769 r
1222 3719 1341 3773 aitdum

305 3795 363 3833 aas.
382 3801 438 3839 om.
453 3788 497 3842 ed.
551 3795 588 3845 29
605 3792 824 3865 quadripartito
840 3789 886 3844 ed.
933 3790 969 3839 ‘ot
984 3787 1097 3841 dictoris
1104 3786 1163 3836 uu
1174 3788 1345 3843 oscorum
