3250 4350
353 414 417 478 192
630 413 770 470 DONATI
786 415 957 469 IN'I'ERPR.
975 413 1083 468 VERG.

349 586 414 642 tate
432 585 464 642 et
480 585 623 644 instruxit
640 586 768 644 inscium
786 587 818 643 et
835 603 912 660 quae
931 602 1047 642 summa
1065 587 1142 642 esset
1159 601 1261 641 rerum
1277 582 1365 657 plene

350 672 518 749 perdocuit:
536 673 589 731 ille
608 672 685 731 dixit
702 692 780 748 „qno
797 692 846 733 res
859 691 975 732 summa
989 668 1093 732 loco?“
1120 671 1169 730 hic
1188 671 1266 729 dixit
1282 671 1365 729 venit

297 769 475 820 scosumma
502 761 573 821 dies.
619 767 646 821 et
670 763 853 822 immobile
879 767 991 836 tenpus
1017 761 1208 828 Dardaniae,
1236 759 1294 818 hoc
1321 762 1364 818 est

351 850 431 926 quod
452 850 594 910 luctando
618 853 752 927 superari
774 871 835 910 non
852 852 956 927 possit.
993 852 1077 909 venit
1094 850 1140 909 bis
1159 848 1364 924 accipiendum

350 942 409 1014 est,
436 943 472 998 ut
493 941 534 999 sit
556 941 640 999 venit
662 939 739 1015 dies,
763 929 855 999 renit⁸
869 943 996 1016 tempus.
1040 941 1154 1013 fuimus
1177 939 1280 1005 Troes,
1308 940 1395 1011 faits

350 1029 443 1087 Iliam
467 1033 494 1087 ct
514 1031 617 1102 amens
636 1031 733 1103 aleria
757 1029 948 1087 Teucrorwm:
977 1028 1106 1102 interiit,
1128 1029 1243 1103 inquit,
1265 1031 1363 1085 totum

350 1117 493 1193 quicquid
524 1117 605 1193 apud
636 1136 690 1178 nos
721 1118 832 1177 floruit.
878 1136 1016 1193 expressa
1046 1136 1146 1175 rerum
1175 1135 1292 1175 summa
1319 1118 1363 1174 in·

350 1208 425 1281 cipit
447 1206 544 1265 dicere
568 1206 640 1281 quid
662 1211 784 1285 geretur
806 1208 854 1266 vel
876 1207 949 1282 quid
966 1205 1085 1282 viderit,
1105 1205 1242 1282 quamvis
1260 1208 1292 1263 et
1309 1205 1362 1263 hoc

349 1297 445 1371 possit
467 1295 507 1353 ad
529 1313 676 1354 sumniam
698 1315 798 1356 rerum
820 1297 983 1372 pertinere:
1005 1296 1089 1368 seras
1110 1297 1210 1353 cronia
1228 1294 1363 1367 Iuppiter

349 1383 446 1456 Arpos
478 1385 634 1443 transtulit.
684 1385 765 1444 ferus
797 1385 934 1461 Iuppiter
964 1384 1119 1443 moraliter
1149 1384 1297 1459 positum3
1332 1383 1363 1441 in
1376 1401 1396 1441 ro

349 1472 481 1532 adversis
504 1474 583 1532 enim
606 1473 699 1533 nimio
721 1475 802 1534 malo
825 1474 874 1533 vel
896 1477 988 1550 certe,
1015 1476 1051 1532 ut
1073 1475 1227 1548 putamus,
1250 1473 1363 1531 iniusta

349 1581 385 1619 ex
408 1580 497 1621 causa
521 1565 662 1621 commoti
684 1565 777 1622 etiam
799 1562 870 1622 deos
892 1562 971 1621 male
988 1565 1161 1621 tractamus,
1196 1561 1275 1619 unde
1294 1578 1363 1639 ergo

349 1651 428 1710 ferus
456 1653 520 1726 ipse
547 1652 680 1710 ostendit
706 1652 806 1711 dicens
834 1654 935 1710 omnia
963 1667 1041 1726 quae
1064 1650 1145 1724 apud
1166 1668 1221 1708 nos
1243 1650 1364 1709 fuerant

348 1740 429 1798 laeta
451 1740 609 1799 transtulit
630 1743 662 1799 in
686 1739 813 1800 Graecos
837 1743 868 1799 et
890 1742 934 1799 sic
956 1757 1011 1798 nos
1033 1741 1128 1797 nimia
1151 1739 1273 1797 feritate
1296 1757 1362 1814 pro

349 1830 466 1903 stravit,
489 1833 524 1887 ut
546 1829 593 1888 cui
616 1834 736 1888 noceret
758 1832 863 1905 postea
886 1848 946 1888 non
968 1829 1105 1903 haberet,
1133 1828 1226 1886 nullis
1248 1828 1397 1887 sciliceta

348 1918 471 1994 reliquis
489 1920 656 1977 reservatis.
690 1917 788 1996 Argos
811 1918 911 1977 omnia
933 1918 1099 1991 transtulit,
1121 1917 1177 1975 hoc
1200 1918 1246 1975 est
1268 1916 1362 1976 felici·

347 2009 442 2065 tatem
469 2006 609 2065 Iliensem
636 2007 733 2085 Argos
759 2007 925 2066 transtulit.
970 2008 1081 2085 Argos,
1110 2024 1171 2063 non
1198 2006 1238 2063 ad
1266 2006 1363 2084 Argos

349 2099 436 2171 quasi
459 2095 498 2154 ad
517 2095 652 2170 Graecos,
676 2097 728 2155 sed
751 2097 788 2155 ad
812 2098 965 2155 civitatem
989 2115 1066 2172 quae
1085 2095 1182 2172 Argos
1205 2094 1363 2154 diceretur.

347 2188 465 2244 incensa
493 2187 598 2244 Danai
625 2187 814 2244 doeniaaatar
840 2189 874 2245 ia
899 2186 985 2244 arbe:
1016 2204 1075 2244 non
1102 2188 1240 2261 pugnant
1266 2186 1363 2245 adhuc

349 2273 461 2346 Graeci,
486 2274 536 2332 sed
560 2277 656 2333 securi
678 2276 713 2332 de
737 2278 865 2333 victoria
888 2275 1079 2334 dominantur
1104 2276 1210 2348 utpote
1238 2274 1361 2332 ardente
1375 2293 1397 2333 sc

347 2364 488 2422 universa
511 2363 641 2423 civitate.
679 2365 793 2422 arduas
817 2368 945 2422 armatos
968 2365 1122 2421 mediisin
1139 2365 1292 2422 moenibus
1311 2365 1363 2422 ad-

348 2456 429 2510 stans
447 2452 548 2526 suadit
566 2470 668 2525 equas:
691 2472 800 2530 magna
819 2453 986 2527 perturbati
1005 2452 1134 2511 hominis
1153 2454 1183 2510 et
1201 2453 1363 2511 metuentis

347 2542 527 2616 prosecuti03
552 2560 619 2598 cum
642 2544 719 2599 enim
743 2543 801 2599 iam
828 2561 921 2616 equus
941 2535 1068 2600 fudisset
1087 2545 1226 2613 armatos,
1245 2542 1363 2601 omissis

347 2631 435 2689 rebus
463 2630 617 2705 perfectis,
645 2633 731 2705 quasi
756 2631 852 2688 adhuc
876 2634 1048 2708 gererentur
1071 2648 1147 2706 quae
1171 2633 1362 2703 transierunt,

347 2720 446 2777 fundit
468 2721 577 2793 inquit,
600 2738 658 2777 non
682 2719 769 2793 fudit,
792 2719 896 2778 modus
920 2722 999 2778 enim
1017 2719 1199 2793 inperfectus
1217 2721 1362 2777 maiorem
1375 2736 1397 2776 rs

347 2813 490 2865 terrorem
512 2809 594 2865 facit.
640 2807 796 2867 ordinatur
819 2811 919 2866 autem
942 2827 1044 2867 sensus
1068 2807 1119 2881 sic,
1139 2807 1250 2865 arduus
1270 2826 1360 2883 equus

347 2898 379 2953 in
406 2896 511 2954 mediis
539 2896 692 2955 moenibus
721 2897 843 2956 adstans
871 2898 969 2955 fundit
997 2900 1142 2970 armatos,
1170 2917 1207 2953 ne
1235 2898 1361 2972 incipiat

348 3004 410 3044 esse
433 2985 550 3059 vitium,
575 2988 600 3043 si
619 2986 751 3044 dicamus
769 2988 802 3044 in
821 2986 925 3044 mediis
944 2986 1097 3044 moenibus
1116 2985 1224 3043 fundit.
1260 2988 1360 3044 cicim-

295 3080 345 3129 330
356 3092 410 3146 que
432 3073 524 3132 Since
546 3076 683 3133 incendia
705 3078 803 3133 miscet
824 3077 987 3133 insultans:
1019 3094 1085 3132 curn
1108 3077 1260 3132 teneretur
1283 3077 1361 3133 inter

347 3162 435 3220 initia
468 3163 572 3238 Sinon,
604 3164 790 3222 insultabunt
827 3166 946 3239 captivo
984 3164 1119 3237 Troiani,
1156 3165 1209 3221 uni
1245 3179 1392 3222 omnesne

348 3270 425 3309 nunc
452 3253 515 3328 ipse
544 3254 689 3311 universis
718 3255 747 3311 et
774 3254 905 3327 patriae,
933 3253 972 3310 ud
994 3252 1078 3311 cuius
1101 3252 1258 3310 interitum
1281 3253 1357 3312 fove

347 3341 400 3398 bat
422 3342 558 3400 incendia
580 3342 674 3400 hostis
697 3344 793 3419 magis
817 3342 916 3399 animo
941 3361 1031 3416 quam
1053 3341 1216 3400 necessarie
1239 3342 1356 3412 faciens,

418 3518 433 3563 2
453 3513 502 3565 hec
520 3512 544 3563 R
562 3512 606 3564 hic
623 3529 637 3563 r
652 3538 685 3555 =
701 3511 730 3565 L.
796 3516 810 3564 7
830 3512 924 3578 floruit
942 3510 994 3563 LR
1011 3511 1069 3576 fait
1087 3510 1129 3563 ed.
1197 3516 1230 3563 16
1248 3510 1356 3579 reliquis

346 3582 398 3634 LR
416 3584 465 3636 -iie
483 3600 498 3634 r
516 3600 568 3635 om.
580 3582 622 3635 cd.
680 3588 712 3634 17
731 3599 788 3637 aare
806 3583 845 3634 ad
863 3582 914 3633 LR
932 3598 989 3635 aaa
1008 3582 1050 3635 ed.
1107 3587 1140 3635 25
1160 3579 1354 3651 inperfectisll

347 3671 392 3708 -as
409 3672 470 3706 r=
485 3654 514 3706 L.
570 3658 686 3725 32cea’p
700 3654 752 3707 LR
770 3670 869 3775 mefac
887 3652 930 3706 ed.
950 3655 1039 3723 macie
1055 3669 1113 3706 nos.
1131 3656 1135 3721 Ι
1152 3656 1247 3707 animo
1260 3653 1312 3706 ΕΒ
1328 3651 1354 3705 in

346 3726 435 3777 animi
454 3741 523 3777 corr.
542 3743 556 3777 r
575 3726 758 3794 (rizaqcaaimi
779 3741 813 3778 ve
825 3724 851 3777 le
869 3723 998 3793 videtur).
1034 3727 1038 3791 Ι
1071 3726 1120 3792 qui
1138 3724 1192 3777 LR
1210 3724 1253 3778 ed.
1274 3723 1354 3778 delr

340 3813 427 3861 quam
444 3813 504 3849 nos.
521 3801 526 3863 J
543 3798 690 3851 necessarie
703 3796 724 3847 L
741 3797 811 3850 -riae
825 3796 850 3847 R
864 3796 920 3849 -ria
934 3813 955 3847 r.
972 3796 977 3866 1
992 3796 1098 3861 faciens
1111 3795 1164 3849 LR
1182 3797 1303 3863 faciebat
1314 3793 1351 3848 ed
