<?xml version="1.0" encoding="UTF-8"?>
<!DOCTYPE html PUBLIC "-//W3C//DTD XHTML 1.0 Transitional//EN"
    "http://www.w3.org/TR/xhtml1/DTD/xhtml1-transitional.dtd">
<html xmlns="http://www.w3.org/1999/xhtml" xml:lang="en" lang="en">
 <head>
  <title>
</title>
<meta http-equiv="Content-Type" content="text/html;charset=utf-8" />
  <meta name='ocr-system' content='tesseract 3.04.00' />
  <meta name='ocr-capabilities' content='ocr_page ocr_carea ocr_par ocr_line ocrx_word'/>
</head>
<body>
  <div class='ocr_page' id='page_1' title='image "./tibericlaudidon01georgoog_0063.png"; bbox 0 0 3250 4350; ppageno 0'>
   <div class='ocr_carea' id='block_1_1' title="bbox 716 408 1336 478">
    <p class='ocr_par' dir='ltr' id='par_1_1' title="bbox 716 408 1336 478">
     <span class='ocr_line' id='line_1_1' title="bbox 716 408 1336 478; baseline 0.002 -16"><span class='ocrx_word' id='word_1_1' title='bbox 716 408 903 478; x_wconf 21' lang='lat' dir='ltr'>,inuolues</span> <span class='ocrx_word' id='word_1_2' title='bbox 921 408 935 462; x_wconf 90' lang='lat'>1</span> <span class='ocrx_word' id='word_1_3' title='bbox 1315 410 1336 476; x_wconf 77' lang='grc'>9</span> 
     </span>
    </p>
   </div>
   <div class='ocr_carea' id='block_1_2' title="bbox 271 578 1375 3591">
    <p class='ocr_par' dir='ltr' id='par_1_2' title="bbox 271 578 1375 3591">
     <span class='ocr_line' id='line_1_2' title="bbox 312 578 1336 655; baseline 0.002 -19"><span class='ocrx_word' id='word_1_4' title='bbox 312 579 408 637; x_wconf 89' lang='lat' dir='ltr'>semel</span> <span class='ocrx_word' id='word_1_5' title='bbox 441 578 621 653; x_wconf 76' lang='lat' dir='ltr'>accipiatur,</span> <span class='ocrx_word' id='word_1_6' title='bbox 653 580 688 636; x_wconf 91' lang='lat' dir='ltr'>ut</span> <span class='ocrx_word' id='word_1_7' title='bbox 715 580 756 636; x_wconf 91' lang='lat' dir='ltr'>sit</span> <span class='ocrx_word' id='word_1_8' title='bbox 782 579 846 636; x_wconf 85' lang='lat' dir='ltr'>fato</span> <span class='ocrx_word' id='word_1_9' title='bbox 875 578 1006 654; x_wconf 76' lang='lat' dir='ltr'>perdidit</span> <span class='ocrx_word' id='word_1_10' title='bbox 1033 579 1164 655; x_wconf 81' lang='lat' dir='ltr'>patriam</span> <span class='ocrx_word' id='word_1_11' title='bbox 1191 579 1255 637; x_wconf 88' lang='lat' dir='ltr'>fato</span> <span class='ocrx_word' id='word_1_12' title='bbox 1288 599 1336 638; x_wconf 83' lang='lat' dir='ltr'>ex-</span> 
     </span>
     <span class='ocr_line' id='line_1_3' title="bbox 313 667 1336 744; baseline 0.001 -18"><span class='ocrx_word' id='word_1_13' title='bbox 313 668 431 740; x_wconf 86' lang='lat' dir='ltr'>clusus,</span> <span class='ocrx_word' id='word_1_14' title='bbox 458 667 524 726; x_wconf 84' lang='lat' dir='ltr'>fato</span> <span class='ocrx_word' id='word_1_15' title='bbox 550 669 688 742; x_wconf 83' lang='lat' dir='ltr'>pervenit</span> <span class='ocrx_word' id='word_1_16' title='bbox 716 667 755 725; x_wconf 90' lang='lat' dir='ltr'>ad</span> <span class='ocrx_word' id='word_1_17' title='bbox 782 667 892 726; x_wconf 87' lang='lat' dir='ltr'>Italiae</span> <span class='ocrx_word' id='word_1_18' title='bbox 919 670 1037 744; x_wconf 84' lang='lat' dir='ltr'>partem</span> <span class='ocrx_word' id='word_1_19' title='bbox 1063 668 1095 725; x_wconf 92' lang='lat' dir='ltr'>in</span> <span class='ocrx_word' id='word_1_20' title='bbox 1124 687 1186 743; x_wconf 89' lang='lat' dir='ltr'>qua</span> <span class='ocrx_word' id='word_1_21' title='bbox 1208 669 1336 727; x_wconf 87' lang='lat' dir='ltr'>vocitari</span> 
     </span>
     <span class='ocr_line' id='line_1_4' title="bbox 315 756 1336 832; baseline 0.001 -17"><span class='ocrx_word' id='word_1_22' title='bbox 315 759 480 832; x_wconf 87' lang='lat' dir='ltr'>cooperunt</span> <span class='ocrx_word' id='word_1_23' title='bbox 507 756 635 815; x_wconf 88' lang='lat' dir='ltr'>Lavinia</span> <span class='ocrx_word' id='word_1_24' title='bbox 666 757 765 815; x_wconf 89' lang='lat' dir='ltr'>litora.</span> <span class='ocrx_word' id='word_1_25' title='bbox 811 758 936 815; x_wconf 74' lang='lat' dir='ltr'>rreultum</span> <span class='ocrx_word' id='word_1_26' title='bbox 965 758 1012 815; x_wconf 79' lang='lat' dir='ltr'>ille</span> <span class='ocrx_word' id='word_1_27' title='bbox 1040 762 1066 814; x_wconf 81' lang='lat' dir='ltr'>et</span> <span class='ocrx_word' id='word_1_28' title='bbox 1092 760 1178 816; x_wconf 80' lang='lat' dir='ltr'>terris</span> <span class='ocrx_word' id='word_1_29' title='bbox 1210 758 1336 816; x_wconf 79' lang='lat' dir='ltr'>iactatus</span> 
     </span>
     <span class='ocr_line' id='line_1_5' title="bbox 318 838 1336 924; baseline 0.002 -22"><span class='ocrx_word' id='word_1_30' title='bbox 318 839 362 924; x_wconf 83' lang='lat' dir='ltr'>[et</span> <span class='ocrx_word' id='word_1_31' title='bbox 383 838 470 923; x_wconf 77' lang='lat' dir='ltr'>alto]:</span> <span class='ocrx_word' id='word_1_32' title='bbox 503 845 596 903; x_wconf 87' lang='lat' dir='ltr'>aliam</span> <span class='ocrx_word' id='word_1_33' title='bbox 618 847 701 904; x_wconf 89' lang='lat' dir='ltr'>tenet</span> <span class='ocrx_word' id='word_1_34' title='bbox 724 864 791 903; x_wconf 91' lang='lat' dir='ltr'>cum</span> <span class='ocrx_word' id='word_1_35' title='bbox 814 845 1019 921; x_wconf 79' lang='lat' dir='ltr'>propositione</span> <span class='ocrx_word' id='word_1_36' title='bbox 1042 845 1232 918; x_wconf 81' lang='lat' dir='ltr'>divisionem3</span> <span class='ocrx_word' id='word_1_37' title='bbox 1266 866 1336 904; x_wconf 90' lang='lat' dir='ltr'>nam</span> 
     </span>
     <span class='ocr_line' id='line_1_6' title="bbox 291 933 1336 1010; baseline -0.001 -16"><span class='ocrx_word' id='word_1_38' title='bbox 291 933 490 1009; x_wconf 79' lang='lat' dir='ltr'>especialiter</span> <span class='ocrx_word' id='word_1_39' title='bbox 513 936 633 1010; x_wconf 84' lang='lat' dir='ltr'>scripsit</span> <span class='ocrx_word' id='word_1_40' title='bbox 655 937 687 992; x_wconf 90' lang='lat' dir='ltr'>in</span> <span class='ocrx_word' id='word_1_41' title='bbox 711 935 842 992; x_wconf 82' lang='lat' dir='ltr'>carmine</span> <span class='ocrx_word' id='word_1_42' title='bbox 866 954 919 994; x_wconf 92' lang='lat' dir='ltr'>suo</span> <span class='ocrx_word' id='word_1_43' title='bbox 944 953 1020 1009; x_wconf 91' lang='lat' dir='ltr'>quae</span> <span class='ocrx_word' id='word_1_44' title='bbox 1042 935 1190 1007; x_wconf 67' lang='lat' dir='ltr'>interris</span> <span class='ocrx_word' id='word_1_45' title='bbox 1210 936 1336 1009; x_wconf 89' lang='lat' dir='ltr'>quaein</span> 
     </span>
     <span class='ocr_line' id='line_1_7' title="bbox 317 1023 1337 1100; baseline 0.002 -19"><span class='ocrx_word' id='word_1_46' title='bbox 317 1023 426 1100; x_wconf 91' lang='lat' dir='ltr'>pelago</span> <span class='ocrx_word' id='word_1_47' title='bbox 458 1041 616 1098; x_wconf 88' lang='lat' dir='ltr'>perpessus</span> <span class='ocrx_word' id='word_1_48' title='bbox 648 1024 688 1082; x_wconf 89' lang='lat' dir='ltr'>sit</span> <span class='ocrx_word' id='word_1_49' title='bbox 715 1023 833 1082; x_wconf 79' lang='lat' dir='ltr'>Aeneas</span> <span class='ocrx_word' id='word_1_50' title='bbox 861 1027 891 1083; x_wconf 92' lang='lat' dir='ltr'>et</span> <span class='ocrx_word' id='word_1_51' title='bbox 918 1024 991 1082; x_wconf 92' lang='lat' dir='ltr'>haec</span> <span class='ocrx_word' id='word_1_52' title='bbox 1018 1025 1085 1100; x_wconf 91' lang='lat' dir='ltr'>ipsa</span> <span class='ocrx_word' id='word_1_53' title='bbox 1113 1023 1226 1082; x_wconf 81' lang='lat' dir='ltr'>adserit</span> <span class='ocrx_word' id='word_1_54' title='bbox 1253 1027 1337 1083; x_wconf 89' lang='lat' dir='ltr'>extra</span> 
     </span>
     <span class='ocr_line' id='line_1_8' title="bbox 317 1111 1337 1186; baseline 0.001 -16"><span class='ocrx_word' id='word_1_55' title='bbox 317 1113 416 1171; x_wconf 86' lang='lat' dir='ltr'>fatum</span> <span class='ocrx_word' id='word_1_56' title='bbox 438 1111 531 1171; x_wconf 87' lang='lat' dir='ltr'>fuisse</span> <span class='ocrx_word' id='word_1_57' title='bbox 556 1112 691 1172; x_wconf 88' lang='lat' dir='ltr'>addendo</span> <span class='ocrx_word' id='word_1_58' title='bbox 714 1115 745 1172; x_wconf 79' lang='lat' dir='ltr'>oi</span> <span class='ocrx_word' id='word_1_59' title='bbox 768 1130 915 1186; x_wconf 78' lang='lat' dir='ltr'>superam.</span> <span class='ocrx_word' id='word_1_60' title='bbox 955 1114 1000 1172; x_wconf 86' lang='lat' dir='ltr'>vis</span> <span class='ocrx_word' id='word_1_61' title='bbox 1025 1115 1104 1172; x_wconf 88' lang='lat' dir='ltr'>enim</span> <span class='ocrx_word' id='word_1_62' title='bbox 1126 1132 1186 1171; x_wconf 91' lang='lat' dir='ltr'>non</span> <span class='ocrx_word' id='word_1_63' title='bbox 1211 1116 1256 1172; x_wconf 89' lang='lat' dir='ltr'>est</span> <span class='ocrx_word' id='word_1_64' title='bbox 1278 1114 1337 1173; x_wconf 89' lang='lat' dir='ltr'>nisi</span> 
     </span>
     <span class='ocr_line' id='line_1_9' title="bbox 317 1201 1337 1282; baseline 0 -22"><span class='ocrx_word' id='word_1_65' title='bbox 317 1219 386 1260; x_wconf 92' lang='lat' dir='ltr'>cum</span> <span class='ocrx_word' id='word_1_66' title='bbox 413 1201 449 1259; x_wconf 87' lang='lat' dir='ltr'>fit</span> <span class='ocrx_word' id='word_1_67' title='bbox 477 1201 594 1276; x_wconf 90' lang='lat' dir='ltr'>aliquid</span> <span class='ocrx_word' id='word_1_68' title='bbox 620 1204 709 1282; x_wconf 80' lang='lat' dir='ltr'>extra¹</span> <span class='ocrx_word' id='word_1_69' title='bbox 737 1202 831 1278; x_wconf 87' lang='lat' dir='ltr'>leges,</span> <span class='ocrx_word' id='word_1_70' title='bbox 863 1201 919 1260; x_wconf 92' lang='lat' dir='ltr'>hoc</span> <span class='ocrx_word' id='word_1_71' title='bbox 947 1206 992 1261; x_wconf 91' lang='lat' dir='ltr'>est</span> <span class='ocrx_word' id='word_1_72' title='bbox 1019 1205 1123 1261; x_wconf 89' lang='lat' dir='ltr'>contra</span> <span class='ocrx_word' id='word_1_73' title='bbox 1150 1203 1257 1261; x_wconf 81' lang='lat' dir='ltr'>fatum.</span> <span class='ocrx_word' id='word_1_74' title='bbox 1302 1205 1337 1260; x_wconf 91' lang='lat' dir='ltr'>ut</span> 
     </span>
     <span class='ocr_line' id='line_1_10' title="bbox 316 1289 1336 1366; baseline 0 -17"><span class='ocrx_word' id='word_1_75' title='bbox 316 1294 420 1349; x_wconf 87' lang='lat' dir='ltr'>autem</span> <span class='ocrx_word' id='word_1_76' title='bbox 453 1310 488 1348; x_wconf 89' lang='lat' dir='ltr'>ex</span> <span class='ocrx_word' id='word_1_77' title='bbox 515 1289 571 1349; x_wconf 89' lang='lat' dir='ltr'>hoe</span> <span class='ocrx_word' id='word_1_78' title='bbox 600 1309 717 1366; x_wconf 91' lang='lat' dir='ltr'>quoque</span> <span class='ocrx_word' id='word_1_79' title='bbox 746 1294 900 1350; x_wconf 86' lang='lat' dir='ltr'>excusaret</span> <span class='ocrx_word' id='word_1_80' title='bbox 927 1291 1065 1364; x_wconf 85' lang='lat' dir='ltr'>Aenean,</span> <span class='ocrx_word' id='word_1_81' title='bbox 1093 1291 1145 1366; x_wconf 90' lang='lat' dir='ltr'>qui</span> <span class='ocrx_word' id='word_1_82' title='bbox 1172 1291 1248 1348; x_wconf 90' lang='lat' dir='ltr'>nihil</span> <span class='ocrx_word' id='word_1_83' title='bbox 1275 1291 1336 1349; x_wconf 88' lang='lat' dir='ltr'>tale</span> 
     </span>
     <span class='ocr_line' id='line_1_11' title="bbox 276 1379 1336 1455; baseline -0.002 -15"><span class='ocrx_word' id='word_1_84' title='bbox 276 1402 303 1440; x_wconf 82' lang='grc' dir='ltr'>ιο</span> <span class='ocrx_word' id='word_1_85' title='bbox 316 1379 353 1436; x_wconf 92' lang='lat' dir='ltr'>de</span> <span class='ocrx_word' id='word_1_86' title='bbox 379 1381 496 1455; x_wconf 89' lang='lat' dir='ltr'>superis</span> <span class='ocrx_word' id='word_1_87' title='bbox 518 1382 682 1451; x_wconf 86' lang='lat' dir='ltr'>meruerat,</span> <span class='ocrx_word' id='word_1_88' title='bbox 706 1379 823 1439; x_wconf 88' lang='lat' dir='ltr'>addidit</span> <span class='ocrx_word' id='word_1_89' title='bbox 845 1398 950 1438; x_wconf 78' lang='lat' dir='ltr'>sacrae</span> <span class='ocrx_word' id='word_1_90' title='bbox 973 1398 1126 1439; x_wconf 80' lang='lat' dir='ltr'>memorem</span> <span class='ocrx_word' id='word_1_91' title='bbox 1148 1381 1275 1438; x_wconf 73' lang='lat' dir='ltr'>Iuraouis</span> <span class='ocrx_word' id='word_1_92' title='bbox 1302 1382 1336 1438; x_wconf 86' lang='lat' dir='ltr'>ob</span> 
     </span>
     <span class='ocr_line' id='line_1_12' title="bbox 317 1463 1337 1545; baseline 0.003 -20"><span class='ocrx_word' id='word_1_93' title='bbox 317 1472 411 1536; x_wconf 82' lang='lat' dir='ltr'>irum,</span> <span class='ocrx_word' id='word_1_94' title='bbox 440 1468 496 1527; x_wconf 89' lang='lat' dir='ltr'>hoc</span> <span class='ocrx_word' id='word_1_95' title='bbox 520 1471 565 1527; x_wconf 91' lang='lat' dir='ltr'>est</span> <span class='ocrx_word' id='word_1_96' title='bbox 588 1488 646 1527; x_wconf 91' lang='lat' dir='ltr'>non</span> <span class='ocrx_word' id='word_1_97' title='bbox 670 1471 794 1545; x_wconf 90' lang='lat' dir='ltr'>propter</span> <span class='ocrx_word' id='word_1_98' title='bbox 817 1469 936 1528; x_wconf 86' lang='lat' dir='ltr'>Aeneae</span> <span class='ocrx_word' id='word_1_99' title='bbox 961 1470 1094 1544; x_wconf 86' lang='lat' dir='ltr'>aliquam</span> <span class='ocrx_word' id='word_1_100' title='bbox 1118 1470 1236 1545; x_wconf 89' lang='lat' dir='ltr'>culpam</span> <span class='ocrx_word' id='word_1_101' title='bbox 1263 1463 1337 1528; x_wconf 86' lang='lat' dir='ltr'>haec</span> 
     </span>
     <span class='ocr_line' id='line_1_13' title="bbox 316 1557 1336 1634; baseline -0.002 -18"><span class='ocrx_word' id='word_1_102' title='bbox 316 1576 442 1634; x_wconf 90' lang='lat' dir='ltr'>superos</span> <span class='ocrx_word' id='word_1_103' title='bbox 470 1558 587 1633; x_wconf 68' lang='lat' dir='ltr'>secuse,</span> <span class='ocrx_word' id='word_1_104' title='bbox 615 1558 666 1616; x_wconf 91' lang='lat' dir='ltr'>sed</span> <span class='ocrx_word' id='word_1_105' title='bbox 694 1562 728 1616; x_wconf 92' lang='lat' dir='ltr'>ut</span> <span class='ocrx_word' id='word_1_106' title='bbox 756 1557 989 1632; x_wconf 88' lang='lat' dir='ltr'>obsequerentur</span> <span class='ocrx_word' id='word_1_107' title='bbox 1011 1558 1110 1617; x_wconf 89' lang='lat' dir='ltr'>studio</span> <span class='ocrx_word' id='word_1_108' title='bbox 1134 1562 1164 1616; x_wconf 89' lang='lat' dir='ltr'>et</span> <span class='ocrx_word' id='word_1_109' title='bbox 1187 1557 1336 1617; x_wconf 84' lang='lat' dir='ltr'>voluntati</span> 
     </span>
     <span class='ocr_line' id='line_1_14' title="bbox 315 1647 1336 1726; baseline 0.002 -22"><span class='ocrx_word' id='word_1_110' title='bbox 315 1647 457 1721; x_wconf 58' lang='lat' dir='ltr'>Iunonia</span> <span class='ocrx_word' id='word_1_111' title='bbox 485 1647 533 1704; x_wconf 91' lang='lat' dir='ltr'>cui</span> <span class='ocrx_word' id='word_1_112' title='bbox 560 1648 664 1723; x_wconf 87' lang='lat' dir='ltr'>utpote</span> <span class='ocrx_word' id='word_1_113' title='bbox 688 1648 808 1726; x_wconf 86' lang='lat' dir='ltr'>reginae</span> <span class='ocrx_word' id='word_1_114' title='bbox 832 1648 965 1706; x_wconf 85' lang='lat' dir='ltr'>universi</span> <span class='ocrx_word' id='word_1_115' title='bbox 986 1648 1018 1705; x_wconf 92' lang='lat' dir='ltr'>in</span> <span class='ocrx_word' id='word_1_116' title='bbox 1043 1666 1132 1723; x_wconf 90' lang='lat' dir='ltr'>quam</span> <span class='ocrx_word' id='word_1_117' title='bbox 1155 1648 1248 1705; x_wconf 86' lang='lat' dir='ltr'>vellet</span> <span class='ocrx_word' id='word_1_118' title='bbox 1269 1667 1336 1723; x_wconf 89' lang='lat' dir='ltr'>par·</span> 
     </span>
     <span class='ocr_line' id='line_1_15' title="bbox 315 1735 1336 1811; baseline -0.001 -17"><span class='ocrx_word' id='word_1_119' title='bbox 315 1740 379 1794; x_wconf 90' lang='lat' dir='ltr'>tem</span> <span class='ocrx_word' id='word_1_120' title='bbox 408 1738 575 1794; x_wconf 86' lang='lat' dir='ltr'>consentire</span> <span class='ocrx_word' id='word_1_121' title='bbox 604 1735 768 1795; x_wconf 90' lang='lat' dir='ltr'>debuerant</span> <span class='ocrx_word' id='word_1_122' title='bbox 796 1740 827 1795; x_wconf 90' lang='lat' dir='ltr'>et</span> <span class='ocrx_word' id='word_1_123' title='bbox 854 1736 933 1795; x_wconf 90' lang='lat' dir='ltr'>idem</span> <span class='ocrx_word' id='word_1_124' title='bbox 961 1737 1036 1795; x_wconf 87' lang='lat' dir='ltr'>velle</span> <span class='ocrx_word' id='word_1_125' title='bbox 1066 1738 1144 1811; x_wconf 93' lang='lat' dir='ltr'>quod</span> <span class='ocrx_word' id='word_1_126' title='bbox 1172 1737 1226 1794; x_wconf 90' lang='lat' dir='ltr'>illa</span> <span class='ocrx_word' id='word_1_127' title='bbox 1252 1754 1336 1811; x_wconf 88' lang='lat' dir='ltr'>prae-</span> 
     </span>
     <span class='ocr_line' id='line_1_16' title="bbox 275 1825 1336 1904; baseline -0.004 -18"><span class='ocrx_word' id='word_1_128' title='bbox 275 1847 301 1886; x_wconf 83' lang='lat' dir='ltr'>1s</span> <span class='ocrx_word' id='word_1_129' title='bbox 316 1828 496 1900; x_wconf 90' lang='lat' dir='ltr'>sumpserat.</span> <span class='ocrx_word' id='word_1_130' title='bbox 542 1828 690 1903; x_wconf 90' lang='lat' dir='ltr'>purgatur</span> <span class='ocrx_word' id='word_1_131' title='bbox 718 1844 787 1904; x_wconf 88' lang='lat' dir='ltr'>ergo</span> <span class='ocrx_word' id='word_1_132' title='bbox 817 1826 909 1884; x_wconf 91' lang='lat' dir='ltr'>etiam</span> <span class='ocrx_word' id='word_1_133' title='bbox 937 1845 971 1883; x_wconf 85' lang='lat' dir='ltr'>ex</span> <span class='ocrx_word' id='word_1_134' title='bbox 999 1825 1058 1883; x_wconf 89' lang='lat' dir='ltr'>ista</span> <span class='ocrx_word' id='word_1_135' title='bbox 1094 1829 1180 1900; x_wconf 91' lang='lat' dir='ltr'>parte</span> <span class='ocrx_word' id='word_1_136' title='bbox 1207 1825 1336 1884; x_wconf 86' lang='lat' dir='ltr'>Aeneas:</span> 
     </span>
     <span class='ocr_line' id='line_1_17' title="bbox 316 1914 1338 1990; baseline 0 -18"><span class='ocrx_word' id='word_1_137' title='bbox 316 1916 414 1974; x_wconf 90' lang='lat' dir='ltr'>restat</span> <span class='ocrx_word' id='word_1_138' title='bbox 441 1917 477 1972; x_wconf 90' lang='lat' dir='ltr'>ut</span> <span class='ocrx_word' id='word_1_139' title='bbox 503 1915 600 1989; x_wconf 88' lang='lat' dir='ltr'>ipsam</span> <span class='ocrx_word' id='word_1_140' title='bbox 628 1934 746 1990; x_wconf 89' lang='lat' dir='ltr'>quoque</span> <span class='ocrx_word' id='word_1_141' title='bbox 769 1914 916 1973; x_wconf 89' lang='lat' dir='ltr'>lunonem</span> <span class='ocrx_word' id='word_1_142' title='bbox 938 1915 1052 1973; x_wconf 88' lang='lat' dir='ltr'>frustra</span> <span class='ocrx_word' id='word_1_143' title='bbox 1076 1915 1216 1974; x_wconf 87' lang='lat' dir='ltr'>adversus</span> <span class='ocrx_word' id='word_1_144' title='bbox 1239 1914 1338 1990; x_wconf 89' lang='lat' dir='ltr'>ipsum</span> 
     </span>
     <span class='ocr_line' id='line_1_18' title="bbox 316 2003 1337 2079; baseline -0.002 -17"><span class='ocrx_word' id='word_1_145' title='bbox 316 2003 423 2062; x_wconf 88' lang='lat' dir='ltr'>odium</span> <span class='ocrx_word' id='word_1_146' title='bbox 449 2004 613 2079; x_wconf 89' lang='lat' dir='ltr'>suscepisse</span> <span class='ocrx_word' id='word_1_147' title='bbox 640 2007 854 2077; x_wconf 89' lang='lat' dir='ltr'>monstremus,</span> <span class='ocrx_word' id='word_1_148' title='bbox 886 2006 918 2062; x_wconf 95' lang='lat' dir='ltr'>in</span> <span class='ocrx_word' id='word_1_149' title='bbox 952 2023 1009 2078; x_wconf 93' lang='lat' dir='ltr'>quo</span> <span class='ocrx_word' id='word_1_150' title='bbox 1037 2005 1103 2079; x_wconf 88' lang='lat' dir='ltr'>ipso</span> <span class='ocrx_word' id='word_1_151' title='bbox 1132 2023 1191 2062; x_wconf 92' lang='lat' dir='ltr'>non</span> <span class='ocrx_word' id='word_1_152' title='bbox 1218 2005 1337 2061; x_wconf 89' lang='lat' dir='ltr'>tantum</span> 
     </span>
     <span class='ocr_line' id='line_1_19' title="bbox 316 2092 1337 2168; baseline 0 -18"><span class='ocrx_word' id='word_1_153' title='bbox 316 2093 461 2168; x_wconf 84' lang='lat' dir='ltr'>purgatio</span> <span class='ocrx_word' id='word_1_154' title='bbox 490 2094 535 2150; x_wconf 89' lang='lat' dir='ltr'>est</span> <span class='ocrx_word' id='word_1_155' title='bbox 558 2095 713 2168; x_wconf 85' lang='lat' dir='ltr'>susceptae</span> <span class='ocrx_word' id='word_1_156' title='bbox 735 2111 894 2168; x_wconf 88' lang='lat' dir='ltr'>personae,</span> <span class='ocrx_word' id='word_1_157' title='bbox 919 2112 1021 2151; x_wconf 89' lang='lat' dir='ltr'>verum</span> <span class='ocrx_word' id='word_1_158' title='bbox 1046 2095 1137 2151; x_wconf 90' lang='lat' dir='ltr'>etiarn</span> <span class='ocrx_word' id='word_1_159' title='bbox 1160 2092 1337 2151; x_wconf 85' lang='lat' dir='ltr'>deformatio</span> 
     </span>
     <span class='ocr_line' id='line_1_20' title="bbox 316 2181 1337 2257; baseline 0.002 -18"><span class='ocrx_word' id='word_1_160' title='bbox 316 2182 453 2255; x_wconf 91' lang='lat' dir='ltr'>Iunonis,</span> <span class='ocrx_word' id='word_1_161' title='bbox 478 2201 568 2257; x_wconf 90' lang='lat' dir='ltr'>quam</span> <span class='ocrx_word' id='word_1_162' title='bbox 592 2201 607 2240; x_wconf 90' lang='lat' dir='ltr'>e</span> <span class='ocrx_word' id='word_1_163' title='bbox 631 2181 748 2241; x_wconf 87' lang='lat' dir='ltr'>diverso</span> <span class='ocrx_word' id='word_1_164' title='bbox 766 2186 858 2257; x_wconf 90' lang='lat' dir='ltr'>poeta</span> <span class='ocrx_word' id='word_1_165' title='bbox 876 2184 1047 2256; x_wconf 81' lang='lat' dir='ltr'>eonstituit3</span> <span class='ocrx_word' id='word_1_166' title='bbox 1071 2185 1115 2241; x_wconf 89' lang='lat' dir='ltr'>ait</span> <span class='ocrx_word' id='word_1_167' title='bbox 1133 2184 1213 2240; x_wconf 92' lang='lat' dir='ltr'>enim</span> <span class='ocrx_word' id='word_1_168' title='bbox 1232 2201 1337 2242; x_wconf 88' lang='lat' dir='ltr'>saevae</span> 
     </span>
     <span class='ocr_line' id='line_1_21' title="bbox 271 2270 1338 2346; baseline -0.002 -15"><span class='ocrx_word' id='word_1_169' title='bbox 271 2289 481 2331; x_wconf 68' lang='lat' dir='ltr'>rememorem</span> <span class='ocrx_word' id='word_1_170' title='bbox 503 2270 626 2329; x_wconf 91' lang='lat' dir='ltr'>Iunonis</span> <span class='ocrx_word' id='word_1_171' title='bbox 655 2270 692 2330; x_wconf 89' lang='lat' dir='ltr'>ob</span> <span class='ocrx_word' id='word_1_172' title='bbox 720 2273 805 2330; x_wconf 88' lang='lat' dir='ltr'>iram.</span> <span class='ocrx_word' id='word_1_173' title='bbox 852 2291 912 2331; x_wconf 94' lang='lat' dir='ltr'>non</span> <span class='ocrx_word' id='word_1_174' title='bbox 936 2273 1015 2330; x_wconf 88' lang='lat' dir='ltr'>enim</span> <span class='ocrx_word' id='word_1_175' title='bbox 1038 2290 1159 2330; x_wconf 88' lang='lat' dir='ltr'>saevam</span> <span class='ocrx_word' id='word_1_176' title='bbox 1185 2274 1338 2346; x_wconf 90' lang='lat' dir='ltr'>potentem</span> 
     </span>
     <span class='ocr_line' id='line_1_22' title="bbox 317 2359 1338 2435; baseline 0.001 -18"><span class='ocrx_word' id='word_1_177' title='bbox 317 2359 409 2433; x_wconf 85' lang='lat' dir='ltr'>dixit,</span> <span class='ocrx_word' id='word_1_178' title='bbox 438 2363 473 2417; x_wconf 91' lang='lat' dir='ltr'>ut</span> <span class='ocrx_word' id='word_1_179' title='bbox 496 2360 550 2418; x_wconf 86' lang='lat' dir='ltr'>alii</span> <span class='ocrx_word' id='word_1_180' title='bbox 572 2362 691 2434; x_wconf 87' lang='lat' dir='ltr'>volunt,</span> <span class='ocrx_word' id='word_1_181' title='bbox 720 2361 771 2419; x_wconf 90' lang='lat' dir='ltr'>sed</span> <span class='ocrx_word' id='word_1_182' title='bbox 793 2380 899 2419; x_wconf 84' lang='lat' dir='ltr'>revera</span> <span class='ocrx_word' id='word_1_183' title='bbox 922 2380 1055 2434; x_wconf 84' lang='lat' dir='ltr'>saevam,</span> <span class='ocrx_word' id='word_1_184' title='bbox 1082 2380 1158 2435; x_wconf 87' lang='lat' dir='ltr'>quae</span> <span class='ocrx_word' id='word_1_185' title='bbox 1181 2379 1338 2435; x_wconf 89' lang='lat' dir='ltr'>perseque-</span> 
     </span>
     <span class='ocr_line' id='line_1_23' title="bbox 316 2450 1338 2525; baseline 0.002 -19"><span class='ocrx_word' id='word_1_186' title='bbox 316 2451 403 2507; x_wconf 87' lang='lat' dir='ltr'>retur</span> <span class='ocrx_word' id='word_1_187' title='bbox 435 2450 624 2508; x_wconf 85' lang='lat' dir='ltr'>innocentem</span> <span class='ocrx_word' id='word_1_188' title='bbox 657 2452 688 2508; x_wconf 92' lang='lat' dir='ltr'>et</span> <span class='ocrx_word' id='word_1_189' title='bbox 719 2469 785 2508; x_wconf 91' lang='lat' dir='ltr'>eum</span> <span class='ocrx_word' id='word_1_190' title='bbox 821 2450 873 2525; x_wconf 89' lang='lat' dir='ltr'>qui</span> <span class='ocrx_word' id='word_1_191' title='bbox 902 2450 979 2507; x_wconf 87' lang='lat' dir='ltr'>nihil</span> <span class='ocrx_word' id='word_1_192' title='bbox 1007 2450 1177 2509; x_wconf 89' lang='lat' dir='ltr'>admisisset</span> <span class='ocrx_word' id='word_1_193' title='bbox 1204 2453 1234 2507; x_wconf 86' lang='lat' dir='ltr'>et</span> <span class='ocrx_word' id='word_1_194' title='bbox 1262 2453 1338 2509; x_wconf 90' lang='lat' dir='ltr'>esset</span> 
     </span>
     <span class='ocr_line' id='line_1_24' title="bbox 317 2538 1338 2615; baseline 0.002 -21"><span class='ocrx_word' id='word_1_195' title='bbox 317 2538 445 2596; x_wconf 90' lang='lat' dir='ltr'>deorum</span> <span class='ocrx_word' id='word_1_196' title='bbox 477 2539 610 2597; x_wconf 89' lang='lat' dir='ltr'>omnium</span> <span class='ocrx_word' id='word_1_197' title='bbox 641 2538 824 2614; x_wconf 90' lang='lat' dir='ltr'>perindeque</span> <span class='ocrx_word' id='word_1_198' title='bbox 856 2540 950 2613; x_wconf 91' lang='lat' dir='ltr'>ipsius</span> <span class='ocrx_word' id='word_1_199' title='bbox 984 2558 1101 2615; x_wconf 92' lang='lat' dir='ltr'>quoque</span> <span class='ocrx_word' id='word_1_200' title='bbox 1131 2538 1254 2596; x_wconf 89' lang='lat' dir='ltr'>Iunonis</span> <span class='ocrx_word' id='word_1_201' title='bbox 1286 2556 1338 2596; x_wconf 90' lang='lat' dir='ltr'>an·</span> 
     </span>
     <span class='ocr_line' id='line_1_25' title="bbox 317 2626 1338 2687; baseline -0.001 -1"><span class='ocrx_word' id='word_1_202' title='bbox 317 2627 407 2686; x_wconf 90' lang='lat' dir='ltr'>tistes</span> <span class='ocrx_word' id='word_1_203' title='bbox 436 2630 467 2684; x_wconf 91' lang='lat' dir='ltr'>et</span> <span class='ocrx_word' id='word_1_204' title='bbox 493 2628 599 2685; x_wconf 88' lang='lat' dir='ltr'>cultor.</span> <span class='ocrx_word' id='word_1_205' title='bbox 645 2631 751 2686; x_wconf 90' lang='lat' dir='ltr'>onerat</span> <span class='ocrx_word' id='word_1_206' title='bbox 780 2647 846 2687; x_wconf 90' lang='lat' dir='ltr'>eam</span> <span class='ocrx_word' id='word_1_207' title='bbox 874 2628 966 2687; x_wconf 89' lang='lat' dir='ltr'>etiam</span> <span class='ocrx_word' id='word_1_208' title='bbox 990 2628 1115 2687; x_wconf 89' lang='lat' dir='ltr'>alterius</span> <span class='ocrx_word' id='word_1_209' title='bbox 1139 2626 1271 2686; x_wconf 87' lang='lat' dir='ltr'>criminis</span> <span class='ocrx_word' id='word_1_210' title='bbox 1293 2629 1338 2685; x_wconf 93' lang='lat' dir='ltr'>in·</span> 
     </span>
     <span class='ocr_line' id='line_1_26' title="bbox 271 2715 1338 2792; baseline -0.002 -15"><span class='ocrx_word' id='word_1_211' title='bbox 271 2738 302 2777; x_wconf 77' lang='lat' dir='ltr'>as</span> <span class='ocrx_word' id='word_1_212' title='bbox 317 2715 417 2789; x_wconf 84' lang='lat' dir='ltr'>vidia,</span> <span class='ocrx_word' id='word_1_213' title='bbox 450 2716 529 2790; x_wconf 89' lang='lat' dir='ltr'>quo&#39;d</span> <span class='ocrx_word' id='word_1_214' title='bbox 560 2716 735 2775; x_wconf 88' lang='lat' dir='ltr'>inimicitias</span> <span class='ocrx_word' id='word_1_215' title='bbox 768 2718 849 2792; x_wconf 90' lang='lat' dir='ltr'>ipsas</span> <span class='ocrx_word' id='word_1_216' title='bbox 882 2718 967 2775; x_wconf 90' lang='lat' dir='ltr'>nulla</span> <span class='ocrx_word' id='word_1_217' title='bbox 999 2735 1033 2775; x_wconf 84' lang='lat' dir='ltr'>ex</span> <span class='ocrx_word' id='word_1_218' title='bbox 1066 2717 1155 2792; x_wconf 91' lang='lat' dir='ltr'>culpa</span> <span class='ocrx_word' id='word_1_219' title='bbox 1186 2719 1338 2792; x_wconf 89' lang='lat' dir='ltr'>susceptas</span> 
     </span>
     <span class='ocr_line' id='line_1_27' title="bbox 317 2804 1338 2881; baseline -0.001 -18"><span class='ocrx_word' id='word_1_220' title='bbox 317 2804 488 2863; x_wconf 88' lang='lat' dir='ltr'>diutissime</span> <span class='ocrx_word' id='word_1_221' title='bbox 513 2823 547 2863; x_wconf 89' lang='lat' dir='ltr'>ac</span> <span class='ocrx_word' id='word_1_222' title='bbox 570 2807 717 2865; x_wconf 87' lang='lat' dir='ltr'>tenaciter</span> <span class='ocrx_word' id='word_1_223' title='bbox 739 2808 891 2880; x_wconf 89' lang='lat' dir='ltr'>retineret,</span> <span class='ocrx_word' id='word_1_224' title='bbox 914 2805 1096 2881; x_wconf 88' lang='lat' dir='ltr'>perindeque</span> <span class='ocrx_word' id='word_1_225' title='bbox 1118 2804 1265 2864; x_wconf 86' lang='lat' dir='ltr'>indicavit</span> <span class='ocrx_word' id='word_1_226' title='bbox 1287 2807 1338 2863; x_wconf 93' lang='lat' dir='ltr'>ho-</span> 
     </span>
     <span class='ocr_line' id='line_1_28' title="bbox 317 2894 1339 2971; baseline -0.002 -18"><span class='ocrx_word' id='word_1_227' title='bbox 317 2895 414 2953; x_wconf 89' lang='lat' dir='ltr'>nestis</span> <span class='ocrx_word' id='word_1_228' title='bbox 442 2897 473 2951; x_wconf 91' lang='lat' dir='ltr'>et</span> <span class='ocrx_word' id='word_1_229' title='bbox 499 2894 601 2969; x_wconf 92' lang='lat' dir='ltr'>probis</span> <span class='ocrx_word' id='word_1_230' title='bbox 625 2896 716 2953; x_wconf 91' lang='lat' dir='ltr'>etiam</span> <span class='ocrx_word' id='word_1_231' title='bbox 739 2896 888 2954; x_wconf 87' lang='lat' dir='ltr'>iustarum</span> <span class='ocrx_word' id='word_1_232' title='bbox 910 2894 1138 2954; x_wconf 90' lang='lat' dir='ltr'>inimicitiarum</span> <span class='ocrx_word' id='word_1_233' title='bbox 1161 2894 1339 2971; x_wconf 84' lang='lat' dir='ltr'>longaevam</span> 
     </span>
     <span class='ocr_line' id='line_1_29' title="bbox 316 2983 1338 3058; baseline -0.002 -17"><span class='ocrx_word' id='word_1_234' title='bbox 316 3003 381 3042; x_wconf 90' lang='lat' dir='ltr'>non</span> <span class='ocrx_word' id='word_1_235' title='bbox 404 2983 562 3041; x_wconf 84' lang='lat' dir='ltr'>convenire</span> <span class='ocrx_word' id='word_1_236' title='bbox 585 2984 768 3043; x_wconf 90' lang='lat' dir='ltr'>memoriam.</span> <span class='ocrx_word' id='word_1_237' title='bbox 815 2985 894 3042; x_wconf 87' lang='lat' dir='ltr'>hunc</span> <span class='ocrx_word' id='word_1_238' title='bbox 917 2986 1017 3043; x_wconf 90' lang='lat' dir='ltr'>locum</span> <span class='ocrx_word' id='word_1_239' title='bbox 1041 2986 1174 3058; x_wconf 91' lang='lat' dir='ltr'>apertius</span> <span class='ocrx_word' id='word_1_240' title='bbox 1197 2985 1284 3041; x_wconf 88' lang='lat' dir='ltr'>notat</span> <span class='ocrx_word' id='word_1_241' title='bbox 1306 2983 1338 3040; x_wconf 90' lang='lat' dir='ltr'>in</span> 
     </span>
     <span class='ocr_line' id='line_1_30' title="bbox 318 3063 1339 3154; baseline 0 -25"><span class='ocrx_word' id='word_1_242' title='bbox 318 3074 428 3147; x_wconf 92' lang='lat' dir='ltr'>quinto</span> <span class='ocrx_word' id='word_1_243' title='bbox 450 3070 528 3130; x_wconf 91' lang='lat' dir='ltr'>libro</span> <span class='ocrx_word' id='word_1_244' title='bbox 553 3063 662 3154; x_wconf 82' lang='lat'>(781):</span> <span class='ocrx_word' id='word_1_245' title='bbox 693 3092 764 3131; x_wconf 88' lang='lat' dir='ltr'>narn</span> <span class='ocrx_word' id='word_1_246' title='bbox 788 3091 855 3131; x_wconf 90' lang='lat' dir='ltr'>cum</span> <span class='ocrx_word' id='word_1_247' title='bbox 878 3073 980 3131; x_wconf 88' lang='lat' dir='ltr'>Venus</span> <span class='ocrx_word' id='word_1_248' title='bbox 1004 3073 1084 3148; x_wconf 92' lang='lat' dir='ltr'>apud</span> <span class='ocrx_word' id='word_1_249' title='bbox 1106 3072 1280 3147; x_wconf 88' lang='lat' dir='ltr'>Neptunmn</span> <span class='ocrx_word' id='word_1_250' title='bbox 1303 3070 1339 3129; x_wconf 95' lang='lat' dir='ltr'>de</span> 
     </span>
     <span class='ocr_line' id='line_1_31' title="bbox 272 3160 1339 3237; baseline -0.002 -15"><span class='ocrx_word' id='word_1_251' title='bbox 272 3184 303 3222; x_wconf 80' lang='lat' dir='ltr'>so</span> <span class='ocrx_word' id='word_1_252' title='bbox 316 3164 387 3237; x_wconf 89' lang='lat' dir='ltr'>ipsa</span> <span class='ocrx_word' id='word_1_253' title='bbox 414 3160 529 3219; x_wconf 93' lang='lat' dir='ltr'>Iunone</span> <span class='ocrx_word' id='word_1_254' title='bbox 558 3166 743 3236; x_wconf 89' lang='lat' dir='ltr'>quereretur,</span> <span class='ocrx_word' id='word_1_255' title='bbox 772 3164 817 3221; x_wconf 88' lang='lat' dir='ltr'>ait</span> <span class='ocrx_word' id='word_1_256' title='bbox 844 3163 922 3220; x_wconf 92' lang='lat' dir='ltr'>inter</span> <span class='ocrx_word' id='word_1_257' title='bbox 950 3165 1048 3220; x_wconf 88' lang='lat' dir='ltr'>cetera</span> <span class='ocrx_word' id='word_1_258' title='bbox 1071 3161 1211 3236; x_wconf 89' lang='lat' dir='ltr'>„Iunonis</span> <span class='ocrx_word' id='word_1_259' title='bbox 1239 3163 1339 3237; x_wconf 73' lang='lat' dir='ltr'>grauis</span> 
     </span>
     <span class='ocr_line' id='line_1_32' title="bbox 316 3249 1339 3328; baseline 0 -19"><span class='ocrx_word' id='word_1_260' title='bbox 316 3254 367 3309; x_wconf 89' lang='lat' dir='ltr'>ira</span> <span class='ocrx_word' id='word_1_261' title='bbox 389 3268 485 3324; x_wconf 88' lang='lat' dir='ltr'>neque</span> <span class='ocrx_word' id='word_1_262' title='bbox 510 3249 694 3310; x_wconf 78' lang='lat' dir='ltr'>exatrnabile</span> <span class='ocrx_word' id='word_1_263' title='bbox 718 3254 830 3327; x_wconf 87' lang='lat' dir='ltr'>pectus,</span> <span class='ocrx_word' id='word_1_264' title='bbox 855 3271 944 3326; x_wconf 89' lang='lat' dir='ltr'>quarn</span> <span class='ocrx_word' id='word_1_265' title='bbox 967 3269 1021 3309; x_wconf 91' lang='lat' dir='ltr'>nec</span> <span class='ocrx_word' id='word_1_266' title='bbox 1043 3252 1134 3328; x_wconf 88' lang='lat' dir='ltr'>longa</span> <span class='ocrx_word' id='word_1_267' title='bbox 1157 3250 1220 3309; x_wconf 92' lang='lat' dir='ltr'>dies</span> <span class='ocrx_word' id='word_1_268' title='bbox 1243 3251 1339 3325; x_wconf 89' lang='lat' dir='ltr'>pietas</span> 
     </span>
     <span class='ocr_line' id='line_1_33' title="bbox 316 3338 1338 3416; baseline -0.002 -18"><span class='ocrx_word' id='word_1_269' title='bbox 316 3357 375 3398; x_wconf 90' lang='lat' dir='ltr'>nec</span> <span class='ocrx_word' id='word_1_270' title='bbox 392 3339 517 3416; x_wconf 87' lang='lat' dir='ltr'>mitigat</span> <span class='ocrx_word' id='word_1_271' title='bbox 534 3338 623 3398; x_wconf 88' lang='lat' dir='ltr'>ulla“.</span> <span class='ocrx_word' id='word_1_272' title='bbox 666 3339 817 3399; x_wconf 88' lang='lat' dir='ltr'>concludit</span> <span class='ocrx_word' id='word_1_273' title='bbox 834 3343 909 3398; x_wconf 89' lang='lat' dir='ltr'>mire</span> <span class='ocrx_word' id='word_1_274' title='bbox 928 3340 1029 3398; x_wconf 89' lang='lat' dir='ltr'>thema</span> <span class='ocrx_word' id='word_1_275' title='bbox 1047 3340 1146 3415; x_wconf 90' lang='lat' dir='ltr'>ipsum</span> <span class='ocrx_word' id='word_1_276' title='bbox 1169 3342 1200 3398; x_wconf 90' lang='lat' dir='ltr'>et</span> <span class='ocrx_word' id='word_1_277' title='bbox 1223 3358 1338 3397; x_wconf 91' lang='lat' dir='ltr'>omnem</span> 
     </span>
     <span class='ocr_line' id='line_1_34' title="bbox 317 3427 1339 3505; baseline -0.003 -16"><span class='ocrx_word' id='word_1_278' title='bbox 317 3430 464 3489; x_wconf 87' lang='lat' dir='ltr'>adversus</span> <span class='ocrx_word' id='word_1_279' title='bbox 488 3428 632 3487; x_wconf 90' lang='lat' dir='ltr'>Iunonem</span> <span class='ocrx_word' id='word_1_280' title='bbox 655 3427 800 3488; x_wconf 80' lang='lat' dir='ltr'>invidiam</span> <span class='ocrx_word' id='word_1_281' title='bbox 821 3431 1013 3503; x_wconf 87' lang='lat' dir='ltr'>conpetenter</span> <span class='ocrx_word' id='word_1_282' title='bbox 1031 3431 1192 3505; x_wconf 86' lang='lat' dir='ltr'>exaggerat</span> <span class='ocrx_word' id='word_1_283' title='bbox 1215 3427 1339 3486; x_wconf 90' lang='lat' dir='ltr'>dicendo</span> 
     </span>
     <span class='ocr_line' id='line_1_35' title="bbox 315 3517 1375 3591; baseline -0.002 -15"><span class='ocrx_word' id='word_1_284' title='bbox 315 3519 414 3576; x_wconf 83' lang='lat' dir='ltr'>mullo</span> <span class='ocrx_word' id='word_1_285' title='bbox 441 3534 552 3591; x_wconf 81' lang='lat' dir='ltr'>quoque</span> <span class='ocrx_word' id='word_1_286' title='bbox 581 3518 700 3577; x_wconf 77' lang='lat' dir='ltr'>altello</span> <span class='ocrx_word' id='word_1_287' title='bbox 723 3536 848 3591; x_wconf 82' lang='lat' dir='ltr'>passas,</span> <span class='ocrx_word' id='word_1_288' title='bbox 874 3520 945 3577; x_wconf 80' lang='lat' dir='ltr'>dum</span> <span class='ocrx_word' id='word_1_289' title='bbox 973 3519 1105 3577; x_wconf 78' lang='lat' dir='ltr'>conderet</span> <span class='ocrx_word' id='word_1_290' title='bbox 1126 3519 1228 3576; x_wconf 82' lang='lat' dir='ltr'>urbem</span> <span class='ocrx_word' id='word_1_291' title='bbox 1250 3517 1375 3588; x_wconf 59' lang='lat' dir='ltr'>{refer-5</span> 
     </span>
    </p>
   </div>
   <div class='ocr_carea' id='block_1_3' title="bbox 314 3648 535 3658">
    <p class='ocr_par' dir='ltr' id='par_1_3' title="bbox 314 3648 535 3658">
     <span class='ocr_line' id='line_1_36' title="bbox 314 3648 535 3658; baseline -0.018 0"><span class='ocrx_word' id='word_1_292' title='bbox 314 3648 535 3658; x_wconf 76' lang='lat'>--—--—--..</span> 
     </span>
    </p>
   </div>
   <div class='ocr_carea' id='block_1_4' title="bbox 312 3722 1364 3860">
    <p class='ocr_par' dir='ltr' id='par_1_4' title="bbox 312 3722 1364 3860">
     <span class='ocr_line' id='line_1_37' title="bbox 393 3722 1364 3792; baseline -0.001 -16"><span class='ocrx_word' id='word_1_293' title='bbox 393 3728 464 3776; x_wconf 76' lang='lat'>1-2</span> <span class='ocrx_word' id='word_1_294' title='bbox 483 3724 608 3777; x_wconf 70' lang='lat' dir='ltr'>exclamas</span> <span class='ocrx_word' id='word_1_295' title='bbox 621 3722 676 3774; x_wconf 78' lang='lat' dir='ltr'>LE</span> <span class='ocrx_word' id='word_1_296' title='bbox 693 3724 825 3792; x_wconf 64' lang='lat' dir='ltr'>aarum</span> <span class='ocrx_word' id='word_1_297' title='bbox 842 3724 886 3780; x_wconf 89' lang='lat' dir='ltr'>ed.</span> <span class='ocrx_word' id='word_1_298' title='bbox 989 3732 1008 3782; x_wconf 85' lang='lat'>4</span> <span class='ocrx_word' id='word_1_299' title='bbox 1028 3734 1053 3786; x_wconf 84' lang='lat' dir='ltr'>et</span> <span class='ocrx_word' id='word_1_300' title='bbox 1073 3728 1130 3785; x_wconf 83' lang='lat' dir='ltr'>ulto</span> <span class='ocrx_word' id='word_1_301' title='bbox 1151 3725 1238 3783; x_wconf 81' lang='lat' dir='ltr'>deest</span> <span class='ocrx_word' id='word_1_302' title='bbox 1252 3725 1290 3781; x_wconf 84' lang='lat' dir='ltr'>in</span> <span class='ocrx_word' id='word_1_303' title='bbox 1301 3722 1364 3776; x_wconf 70' lang='lat' dir='ltr'>&#39;uu</span> 
     </span>
     <span class='ocr_line' id='line_1_38' title="bbox 312 3792 1012 3860; baseline 0.01 -14"><span class='ocrx_word' id='word_1_304' title='bbox 312 3796 366 3846; x_wconf 76' lang='lat' dir='ltr'>sed</span> <span class='ocrx_word' id='word_1_305' title='bbox 381 3792 540 3855; x_wconf 66' lang='lat' dir='ltr'>erplr&#39;earur.</span> <span class='ocrx_word' id='word_1_306' title='bbox 618 3797 635 3843; x_wconf 90' lang='lat'><em>7</em></span> <span class='ocrx_word' id='word_1_307' title='bbox 650 3794 781 3850; x_wconf 76' lang='lat' dir='ltr'>addendo</span> <span class='ocrx_word' id='word_1_308' title='bbox 798 3796 855 3854; x_wconf 76' lang='lat' dir='ltr'>LE</span> <span class='ocrx_word' id='word_1_309' title='bbox 875 3801 952 3860; x_wconf 81' lang='lat' dir='ltr'>udde</span> <span class='ocrx_word' id='word_1_310' title='bbox 970 3804 1012 3860; x_wconf 77' lang='lat' dir='ltr'>ed</span> 
     </span>
    </p>
   </div>
   <div class='ocr_carea' id='block_1_5' title="bbox 0 0 1633 4350">
    <p class='ocr_par' dir='ltr' id='par_1_5' title="bbox 0 0 1633 4350">
     <span class='ocr_line' id='line_1_39' title="bbox 0 0 1633 4350; baseline 0 0"><span class='ocrx_word' id='word_1_311' title='bbox 0 0 1633 4350; x_wconf 95' lang='lat' dir='ltr'> </span> 
     </span>
    </p>
   </div>
  </div>
 </body>
</html>
