3250 4350
305 392 422 470 1111111
709 393 916 449 pacurano

306 562 405 638 habet,
427 565 549 642 gravius
571 566 672 622 tamen
695 565 740 623 ast
764 561 844 638 quod
865 562 930 639 ipse
952 582 1069 640 quoque
1088 564 1126 624 ab
1144 565 1231 641 „illos
1250 565 1321 642 qui“

305 650 412 727 incipit
440 653 470 710 et
500 655 550 725 12,
569 653 631 712 471
665 651 773 710 iisdem
803 651 902 714 verbis
935 652 1042 728 quibus
1069 645 1098 712 U
1125 653 1321 730 abrumpitur.

306 739 428 799 lacunas
455 740 600 800 librorum
622 740 667 799 IV
688 740 733 798 VI
755 740 815 798 VII
838 739 913 798 VIII
941 734 987 822 (in
1010 740 1068 800 XII
1089 745 1124 801 ut
1147 742 1175 800 U
1202 761 1321 821 compa·

304 830 369 887 rari
385 830 504 911 nequit)
529 829 646 889 easdem
668 829 760 888 habet
782 847 857 905 quas
875 829 968 889 LVR.
1004 830 1085 906 quod
1103 832 1183 890 enim
1200 832 1234 890 111
1247 831 1323 892 VIII

306 936 408 978 versus
424 920 487 977 175
507 917 672 978 desiderari
693 917 848 996 catalogus
871 916 954 993 dicit,
977 919 1015 978 ad
1037 920 1220 998 typographi
1242 940 1322 981 erro

305 1026 369 1065 rem
399 1007 586 1067 referendum
619 1011 677 1067 est:
714 1007 821 1066 desunt
851 1008 941 1083 plane
973 1007 1077 1068 eadem
1113 1027 1189 1084 quae
1224 1009 1257 1069 in
1285 1010 1322 1085 V,

305 1114 407 1155 versus
432 1098 506 1156 275.
552 1115 623 1156 nam
650 1099 718 1173 post
747 1095 856 1154 lemma
883 1097 1076 1171 „Euandrum
1093 1129 1130 1139 -
1147 1097 1321 1158 volucrum“

307 1185 336 1258 8,
351 1179 446 1265 46516
471 1187 561 1245 utin
579 1185 727 1244 Vaticano
751 1187 892 1246 continuo
914 1187 1050 1261 sequitur
1072 1188 1217 1260 „scientia
1238 1188 1322 1247 futu·

305 1293 406 1332 rorum
429 1307 473 1315 -
492 1307 537 1317 -
560 1278 645 1352 gesta
667 1271 831 1333 laudaret“.
868 1293 903 1333 ex
926 1275 972 1334 his
994 1275 1109 1336 ultimis
1133 1276 1235 1336 octavi
1251 1277 1322 1336 libri

304 1363 403 1422 ,verbis
427 1363 554 1440 aliisque
578 1383 654 1440 quae
678 1363 753 1421 mihi
775 1364 823 1421 vir
846 1363 1034 1423 doctissimus
1058 1363 1253 1425 Piccolomini
1277 1365 1321 1424 bi·

306 1451 518 1512 blictheoarius
541 1472 595 1528 per
617 1454 735 1511 litteras
758 1455 881 1530 rogatus
900 1453 1090 1529 transcripsit
1107 1454 1185 1514 hunc
1204 1473 1321 1532 quoque

306 1539 437 1598 codicem
460 1542 598 1616 plurimis
621 1541 735 1600 mendis
758 1540 895 1600 laborare
918 1540 989 1600 vidi.
1099 1599 1103 1606 ,

373 1629 469 1688 Venio
505 1649 583 1689 nunc
620 1629 658 1688 ad
696 1649 746 1689 eos
779 1630 895 1688 codices
926 1633 1105 1690 recentiores
1137 1633 1190 1707 qui
1221 1634 1321 1708 partes

305 1718 587 1794 interpretationum
620 1719 781 1779 continent.
828 1719 940 1780 saeculi
961 1709 1017 1776 XV
1047 1723 1117 1779 sunt
1148 1739 1250 1781 omnes
1283 1725 1321 1796 et,

304 1808 338 1866 in
375 1811 521 1883 quantum
558 1809 726 1885 comparari
762 1810 901 1883 possunt,
938 1808 1056 1868 easdem
1091 1809 1214 1870 lacunas
1247 1828 1321 1884 quas

304 1894 397 1955 LVR
415 1896 534 1955 habent.
570 1915 640 1956 cum
662 1898 757 1975 igitur
780 1897 818 1954 ad
840 1897 1051 1956 recensendum
1069 1897 1184 1957 Donati
1205 1901 1321 1958 textum

305 1984 382 2044 nihil
409 1985 487 2060 quod
516 1987 670 2061 antiquius
698 1988 738 2044 sit
766 1986 934 2059 conferant,
962 1985 1035 2046 satis
1062 1986 1158 2046 habeo
1184 2006 1234 2046 eos
1257 1987 1320 2046 bre-

304 2074 383 2133 viter
405 2093 586 2134 enumerare.
623 2073 1030 2148 Δ11111110010111οΗ265,
1053 2075 1235 2154 chartaceus,
1258 2093 1321 2135 sae·

306 2164 366 2222 culi
384 2163 449 2239 XV,
477 2166 610 2224 continet
636 2164 729 2224 libros
750 2162 853 2238 I-V,
880 2164 988 2241 incipit
1013 2163 1051 2224 ab
1074 2162 1187 2241 „illos“,
1209 2165 1322 2226 desinit

304 2254 337 2311 in
355 2254 446 2313 verba
459 2255 612 2329 ,11101110
630 2273 691 2313 101
708 2252 823 2329 possis“
842 2245 926 2335 (0101)
947 2254 976 2328 5,
987 2255 1060 2313 671.
1093 2255 1201 2315 lacuna
1220 2257 1322 2330 quarti

304 2342 376 2401 libri
398 2342 502 2402 eadem
525 2347 569 2403 est
593 2362 670 2418 quae
693 2344 726 2401 in
747 2342 813 2404 LR.
859 2341 979 2401 infimae
1002 2344 1091 2402 notae
1113 2342 1232 2417 librum,
1258 2362 1321 2403 cor-

304 2432 485 2492 rectionibus
509 2436 539 2491 et
562 2431 806 2492 adnotationibus
829 2433 981 2505 refertum,
1003 2434 1068 2508 ipse
1091 2432 1255 2491 Mediolani
1277 2434 1322 2491 in-

304 2522 396 2595 spexi.
431 2554 472 2562 -
510 2522 728 2580 Farnesinus
752 2520 781 2576 V
808 2520 834 2578 B
859 2522 898 2578 31
929 2519 1126 2580 bibliothecae
1157 2521 1322 2581 nationahs

305 2608 533 2685 Neapolitanae,
556 2610 738 2684 chartaceus,
761 2610 873 2669 saeculi
890 2608 955 2684 XV,
983 2612 1111 2687 scriptus
1135 2613 1322 2685 „atramento

305 2697 462 2756 subalbido
490 2718 544 2758 nec
571 2717 632 2758 uno
660 2697 857 2775 charactere“,
887 2699 960 2757 olim
988 2700 1021 2758 iu
1047 2698 1132 2759 libris
1159 2698 1226 2758 Iani
1249 2699 1322 2758 Par·

305 2785 412 2861 rhasii,
441 2788 573 2847 continet
599 2788 692 2847 libros
719 2787 835 2845 I—HI
862 2787 994 2865 integros
1022 2790 1053 2847 et
1080 2788 1181 2864 quarti
1202 2791 1323 2863 partem

304 2892 399 2949 usque
417 2875 456 2933 ad
473 2876 564 2935 verba
582 2876 675 2950 „Iuno
694 2876 819 2952 optabat
833 2876 965 2935 Aeneam
984 2877 1064 2952 apud
1080 2875 1322 2954 cathaginem,

305 2967 475 3038 quaesunt
499 2984 534 3022 ex
556 2965 802 3041 interpretatione
830 2983 970 3024 versuum
994 2967 1232 3039 4,110-112,
1260 2986 1322 3025 non

304 3071 406 3111 versus
432 3055 505 3126 104,
527 3056 616 3112 utin
639 3055 777 3131 catalogo
800 3055 920 3131 legitur.
959 3054 1036 3113 hunc
1059 3054 1170 3113 librum
1192 3073 1253 3115 uon
1275 3055 1321 3114 in-

303 3141 396 3216 spexi.
420 3174 462 3183 -
487 3142 843 3220 Magliabecohianus
869 3141 926 3200 VII
951 3145 1025 3219 971,
1047 3143 1244 3202 bibliothecae
1267 3163 1321 3201 na-

304 3230 426 3290 tionalis
451 3231 642 3291 Florentinae
665 3231 696 3290 II
721 3236 749 3306 1,
770 3233 825 3306 66,
853 3249 930 3291 anno
957 3232 1042 3291 1670
1069 3234 1101 3290 in
1128 3232 1214 3292 libris
1241 3232 1320 3291 Tho·

304 3319 393 3379 masii
420 3319 541 3379 611001·
571 3318 714 3399 (Thomas
744 3312 884 3401 Strozzi),
908 3321 1092 3395 chartaceus,
1121 3320 1232 3380 saeculi
1254 3321 1321 3395 XV,

306 3407 540 3485 101101111264,
563 3409 697 3468 continet
718 3409 810 3469 llbros
831 3409 931 3468 I-V.
966 3410 1073 3487 incipit
1092 3410 1128 3469 ab
1148 3412 1214 3485 „ost
1231 3408 1320 3469 illos“

305 3498 404 3572 spatio
428 3498 467 3557 ad
490 3497 709 3575 depingendam
730 3519 750 3574 p
774 3499 888 3572 relicto,
912 3498 1022 3558 desinit
1046 3500 1075 3573 5,
1090 3500 1153 3559 871
1178 3501 1211 3557 in
1228 3500 1320 3559 verba

302 3586 504 3661 „sepultorem
535 3587 669 3646 invenire
701 3605 760 3646 non
777 3642 780 3646 ,
796 3582 924 3662 posset“.
969 3587 1076 3648 laouna
1113 3588 1213 3663 quarti
1248 3588 1319 3647 libri

304 3675 409 3733 eadem
438 3679 485 3735 est
511 3695 586 3751 quae
614 3678 645 3734 in
672 3676 738 3734 LR.
767 3676 901 3751 inspexi
932 3676 1041 3737 librum
1069 3677 1247 3736 Florentiae.
1276 3709 1319 3718 —

287 3763 504 3824 Marcianus
527 3764 730 3827 bibliothecae
745 3764 933 3828 Venetorum
945 3765 1026 3826 ml
1042 3767 1121 3839 b‘la,
1139 3767 1322 3839 chartaceus,
