3250 4350
604 463 606 468 .
699 419 882 475 Anunmos
900 420 940 474 iv
1266 419 1332 488 357.

315 607 396 648 noua
423 590 533 664 quippe
562 591 594 647 in
620 589 674 648 illo
703 593 772 649 sunt
800 592 901 649 omnia
925 609 1021 664 neque
1044 608 1186 664 umquam
1208 592 1241 647 in
1264 590 1333 650 eliis

315 679 391 736 visa.
420 677 569 754 hospitem
583 697 694 737 novum
707 697 762 754 pro
776 678 905 738 amantis
924 679 1034 751 animo,
1048 697 1108 737 non
1126 680 1214 753 qnasi
1230 687 1333 739 recens

316 769 502 842 susceptum,
530 767 581 826 sed
608 786 687 826 nova
711 767 842 843 quadam
864 771 896 826 et
918 767 1064 845 singulari
1087 767 1219 843 corporis
1242 771 1333 842 atque

316 857 411 914 animi
441 855 539 931 specie
571 855 710 916 debemus
743 858 885 933 accipere.
931 874 1016 931 queen
1046 873 1107 916 sese
1143 873 1192 916 ore
1227 858 1333 930 fuere,

288 960 407 1017 equom
437 947 509 1018 forti
534 950 651 1018 pectore
677 950 704 1005 et
730 948 840 1006 umes!
885 946 966 1023 quod
991 949 1086 1019 tacet,
1112 946 1226 1041 inguit,
1253 944 1333 1021 quod

315 1034 460 1109 loquitur,
479 1034 560 1109 quod
577 1037 715 1095 movetur
734 1053 824 1110 quam
843 1037 963 1113 gratnm
982 1038 1034 1111 est,
1052 1053 1143 1111 quem
1160 1033 1333 1108 iucundum,
1386 1059 1391 1091 .·

316 1141 408 1199 quam
439 1125 504 1182 viro
537 1125 610 1182 forti
642 1125 833 1184 conveniens!
878 1125 963 1184 uado
996 1125 1140 1197 mudum,
1170 1140 1224 1182 uec
1252 1134 1334 1182 uouo

315 1213 402 1284 fides,
428 1230 521 1286 peuue
548 1230 608 1272 esse
631 1213 758 1294 deoruuu
800 1214 953 1288 decumo
975 1215 1090 1273 ouimos
1112 1214 1199 1271 umor
1221 1213 1334 1286 aequit:

315 1304 404 1360 tanta
429 1303 462 1360 in
489 1301 544 1361 illo
571 1303 637 1360 viro
665 1305 835 1362 constantie
859 1306 917 1378 eet,
940 1305 976 1361 ut
998 1305 1143 1378 appareat
1165 1300 1252 1359 illum
1275 1299 1333 1361 diis

274 1406 301 1448 10
316 1409 380 1450 esse
403 1392 602 1468 progenitum.
644 1394 854 1469 argumentum
876 1390 1005 1465 additur,
1028 1394 1063 1449 ut
1084 1391 1141 1449 hoc
1162 1390 1262 1465 ipsum
1283 1389 1338 1449 fir·-

314 1483 413 1538 maret
440 1479 519 1555 quod
547 1480 668 1540 volebat
695 1481 843 1540 adserere:
878 1481 1050 1557 degeneres,
1076 1473 1190 1555 inquit,
1218 1478 1333 1538 animos

313 1570 408 1628 timor
430 1569 545 1645 arguit,
572 1570 629 1628 hoc
657 1573 703 1629 est
729 1569 754 1629 si
783 1570 910 1648 degener
938 1572 1028 1643 esset,
1053 1569 1237 1628 humilitatis
1262 1585 1333 1627 suae

315 1657 499 1719 conscientia
517 1662 709 1733 premeretur.
743 1677 809 1718 ecce
826 1662 972 1734 quantum
985 1657 1129 1716 laudabat
1143 1675 1220 1734 quae
1234 1657 1334 1718 alieno

314 1747 373 1806 hoo
397 1750 443 1806 est
467 1744 622 1823 Cupidinis
646 1747 771 1806 arbitrio
796 1747 967 1821 ducebatur,
985 1766 1046 1806 non
1064 1764 1176 1805 somno.
1215 1745 1334 1804 sedhic

273 1839 424 1912 repostae
460 1837 546 1896 favor
582 1840 640 1912 est,
677 1837 729 1911 qui
761 1836 843 1895 omni
874 1835 1027 1896 occasione
1056 1837 1184 1894 virtutes
1215 1834 1334 1894 Aeneae

314 1925 483 2001 meritaque
511 1925 705 1985 commendat.
752 1927 831 1983 inter
858 1926 937 1985 bona
964 1927 1027 1983 eius
1043 1926 1142 1999 ponit
1169 1924 1248 1999 quod
1273 1933 1334 1983 no'n

315 2016 433 2073 amavit
455 2017 520 2089 ipse
543 2016 578 2072 ut
599 2016 742 2090 vulgaris,
766 2018 802 2072 ut
823 2013 929 2090 turpis,
950 2013 1001 2072 sed
1025 2015 1143 2072 amatim
1166 2015 1220 2086 est,
1238 2030 1333 2087 neque

315 2105 436 2162 amatus
460 2103 497 2162 ab
522 2121 556 2161 ea
580 2123 657 2179 quae
681 2105 758 2162 esset
780 2102 903 2180 pudoris
927 2101 1045 2177 abiecti,
1064 2101 1115 2161 sed
1138 2101 1175 2160 ab
1199 2119 1334 2177 eaquae

314 2196 416 2269 petita
438 2196 515 2253 esset
538 2193 661 2252 consilio
676 2192 801 2253 Veneris
825 2196 855 2252 et
875 2192 1029 2268 Cupidinis
1047 2191 1161 2251 fraude.
1197 2192 1253 2250 heu
1271 2192 1339 2264 qui-2

273 2297 302 2338 ro
316 2283 373 2340 bees
396 2283 446 2341 ille
467 2286 594 2348 iactatus
616 2283 698 2354 fotis,
716 2300 791 2355 quoe
813 2282 890 2341 bello
907 2284 1049 2341 euecta
1067 2282 1203 2340 cernebat!
1239 2280 1334 2338 omnis

315 2373 414 2446 partis
433 2373 590 2446 exequitur
607 2390 684 2447 quae
702 2374 818 2430 amanti
836 2374 1040 2449 congruerent.
1073 2388 1139 2428 ecce
1157 2370 1236 2428 enim
1254 2367 1336 2427 dolet

316 2477 404 2518 casus
428 2461 491 2519 eins
515 2463 546 2517 et
568 2463 700 2537 graviter
718 2462 896 2537 ingemiscit
930 2478 1113 2535 quemquam
1131 2460 1231 2517 autem
1250 2476 1334 2532 prae-

315 2550 411 2607 missa
442 2549 632 2608 ostenderent
665 2567 765 2607 amore
797 2549 883 2607 illem
919 2552 1054 2625 captam,
1090 2550 1190 2605 tamen
1226 2546 1341 2620 incipit-

315 2638 429 2697 sensim
452 2638 586 2697 confiteri
611 2637 690 2713 quod
712 2641 800 2697 amet.
840 2641 868 2697 si
889 2640 962 2698 endu
983 2655 1043 2696 uou
1061 2638 1161 2696 auimo
1178 2637 1272 2707 ficum
1289 2636 1335 2693 du·
1354 2639 1388 2687 15

272 2731 483 2799 remotumque
509 2727 619 2786 sederet
643 2744 681 2785 ue
708 2728 756 2786 cui
782 2744 828 2787 me
854 2728 949 2787 uiuclo
976 2726 1077 2785 uellem
1099 2727 1211 2784 sectore
1231 2724 1336 2797 iuguli,

309 2819 472 2890 postquoeu
489 2818 609 2889 primus
631 2832 716 2875 uuor
737 2816 886 2890 deceptore
907 2820 997 2874 moute
1019 2814 1131 2889 fefellit,
1149 2816 1177 2873 si
1194 2830 1253 2871 uou
1266 2830 1335 2886 per-

314 2910 431 2964 taesum
462 2906 586 2963 tholume'
618 2905 774 2977 taedaeque
802 2907 919 2978 fuisset,
950 2905 1017 2963 huic
1042 2905 1098 2961 uui
1123 2904 1228 2975 forsou
1248 2903 1336 2976 poue

314 2994 502 3053 succumbere
534 2995 652 3066 culpae:
691 3012 785 3067 usqne
818 2992 891 3052 adeo
924 2992 1000 3049 dixit
1029 2992 1117 3050 illum
1148 2993 1245 3050 virum
1277 2991 1337 3049 sibi
1388 3006 1393 3044 1

314 3083 450 3159 plaeere,
481 3084 518 3140 ut
549 3081 675 3157 dignum
707 3081 854 3140 iudicaret
885 3082 1034 3140 consortio
1065 3081 1251 3139 matrimonii
1280 3081 1335 3152 sui,

270 3190 299 3231 so
313 3173 376 3230 nisi
390 3170 536 3229 secundas
553 3172 675 3245 nuptias
693 3171 799 3244 primis
819 3170 943 3245 decepta
961 3169 1139 3229 damnasset
1170 3186 1235 3227 ecce
1253 3170 1336 3227 venit

314 3261 356 3319 ad
393 3260 514 3335 plenam
551 3259 773 3318 confessionem.
823 3257 930 3328 Auuo,
961 3259 1074 3333 inquit,
1105 3260 1219 3333 fatebor
1250 3260 1336 3325 euim,
1354 3261 1389 3309 20

391 3453 405 3500 1
425 3451 581 3514 mque-3
601 3451 753 3514 susceptum
772 3446 877 3499 temere
895 3448 964 3498 mut.
984 3445 1027 3500 ed.
1083 3452 1098 3499 2
1118 3446 1212 3498 auimo
1230 3442 1256 3497 R
1274 3444 1334 3496 uui·

312 3536 390 3574 mam
409 3517 431 3570 L
451 3534 475 3570 en
496 3516 551 3571 del.
565 3516 591 3568 Π
604 3532 678 3569 man.
706 3516 709 3585 t
734 3517 836 3571 receuti
853 3515 907 3570 th
923 3534 1017 3571 receus
1033 3532 1084 3569 nos
1104 3515 1148 3584 (of.
1165 3521 1198 3569 86
1218 3516 1337 3569 ceuceu

311 3606 367 3661 pro
387 3589 515 3657 tuotone).
617 3592 632 3641 ‘1
651 3604 734 3656 quom
751 3588 863 3642 oeuieus
880 3588 902 3640 L
920 3605 976 3656 qua
994 3605 1018 3642 v.
1037 3588 1063 3640 It
1081 3588 1242 3641 couveniens
1259 3603 1275 3638 r
1291 3585 1335 3639 ed.

371 3666 404 3713 11
425 3660 531 3715 colebat
548 3657 601 3712 LR
619 3658 763 3713 uidebatur
781 3658 825 3713 ed.
900 3665 933 3712 12
951 3661 978 3713 se*
995 3676 1048 3713 om.
1067 3657 1121 3710 LR
1139 3657 1204 3711 add.
1222 3675 1239 3711 r
1256 3656 1299 3711 ed.

312 3740 350 3787 14
369 3746 465 3787 oomuo
483 3728 536 3781 LR
555 3730 597 3783 ed.
617 3735 685 3784 suo?
704 3728 754 3782 sed
773 3729 808 3782 cf.
823 3735 875 3783 uo
890 3732 919 3783 et
933 3734 957 3783 9.
984 3756 987 3762 ¹
1031 3734 1065 3783 26
1084 3734 1196 3783 mortem
1213 3728 1237 3782 1.
1253 3734 1337 3784 aeone

311 3820 382 3859 cum
400 3816 456 3856 ras.
477 3816 562 3869 super
580 3817 593 3855 e
610 3799 643 3853 R.
718 3804 751 3852 27
770 3801 889 3867 fuissent
906 3799 959 3853 LR
977 3816 1045 3855 corr.
1064 3817 1086 3855 r.
1326 3821 1328 3827 ·
