3250 4350
605 458 607 462 .
638 411 844 466 ,uuuuluos
862 412 888 471 ΙΙ
941 428 956 471 ,ς
1220 411 1283 480 201

266 584 341 658 qiuia
376 601 446 643 mox
482 583 601 643 fuerant
636 584 768 644 retracta
804 581 953 640 mactatis.
1002 582 1139 640 vadimus
1170 583 1287 640 inmitti

266 673 388 732 Danais
406 673 616 730 taeterrimae
632 675 746 729 nostro:
770 689 837 730 ecce
853 674 1002 745 'quantum
1020 670 1134 745 profuit
1152 670 1285 737 inventio

266 761 330 820 doli
355 764 385 819 et
408 759 535 834 fraudis,
552 759 690 832 ibamus,
713 760 826 835 inquit,
853 761 965 835 inpune
988 758 1123 818 hostibus
1146 758 1234 817 mixti
1256 764 1307 818 et·

266 868 328 909 non
352 850 511 908 ,voluntate
538 849 651 925 inpulsi
682 849 818 924 propria,
850 848 902 908 sed
933 850 1032 907 nescio
1065 866 1123 922 quo
1156 849 1284 907 numine.

244 940 417 1012 intuitoque
438 956 496 1012 per
523 955 638 998 caecum
665 939 811 1010 conpressi
828 939 944 1010 proelio
966 941 1076 996 noctem
1099 938 1285 1004 conserimus,

264 1029 374 1089 'ordios
397 1028 541 1086 Domuum
564 1029 740 1086 demittimus
763 1044 837 1085 orco.
879 1028 1040 1100 diffupiwnt
1060 1027 1115 1085 aiii
1138 1027 1178 1084 od
1200 1028 1286 1084 ooois

269 1122 295 1175 et
317 1118 406 1175 litora
428 1134 517 1175 cursu
539 1118 603 1188 fida
620 1120 733 1190 petum,
754 1113 774 1189 [
768 1133 844 1189 pars
862 1118 1006 1190 iupeutem
1022 1116 1180 1188 formidine
1198 1117 1278 1187 turpi
1287 1122 1340 1170 400

267 1206 416 1265 scandunt
442 1223 548 1264 rursus
576 1223 680 1278 equam
704 1210 729 1264 et
750 1209 821 1286 nota
835 1205 1009 1269 ‚conduntur
1035 1206 1068 1262 ia
1091 1202 1189 1278 olo0]:
1217 1203 1286 1276 -hac,

266 1295 384 1369 inquit,
415 1296 569 1353 occasione
598 1297 628 1352 et
645 1294 751 1353 noctis
779 1293 1012 1371 suffragantibus
1042 1293 1186 1366 tenebris,
1219 1311 1283 1372 cum

235 1402 323 1442 unec
352 1382 446 1441 videri
473 1402 527 1442 nec
556 1385 677 1461 agnosci
698 1401 864 1458 possemus,
892 1383 1002 1442 multos
1027 1380 1155 1441 Graecos
1179 1381 1286 1440 occidi·

266 1491 345 1546 mus,
368 1479 462 1547 usque
486 1467 559 1531 adeo
582 1474 618 1530 ut
639 1473 738 1530 hostes
756 1471 816 1547 ipsi
835 1490 988 1530 caesorum
1006 1474 1171 1530 metuentes
1190 1490 1285 1528 exem‘

261 1562 354 1636 plum
382 1561 504 1620 confusa
531 1564 629 1619 mente
656 1564 742 1637 terga
770 1560 841 1618 dare
869 1563 1045 1639 cogerentur
1072 1561 1220 1638 fugientes
1248 1559 1286 1618 ad

265 1651 362 1709 litora
393 1653 447 1711 aut
478 1650 548 1725 equi
578 1649 726 1708 latebram
761 1652 938 1725 repetentes.
992 1669 1096 1708 verum
1128 1651 1199 1725 quia
1231 1668 1285 1723 pro

266 1743 379 1799 natura
403 1739 588 1816 singulorum
611 1741 707 1797 terror·
730 1738 794 1813 ipse
817 1739 916 1797 fuerat
939 1737 1161 1811 describendus,
1184 1738 1287 1799 divisit

227 1846 252 1886 15
266 1829 453 1901 metuentis3·
479 1847 551 1902 quos
580 1827 660 1886 enim
687 1847 746 1886 non
774 1827 934 1886 admodum
960 1827 1089 1886 formido
1112 1826 1286 1886 turbaverat

266 1917 339 1977 fida
354 1916 487 1976 litorum,
501 1920 531 1976 et
553 1915 676 1976 navium
699 1916 831 1994 suffugia
853 1916 1057 1991 requirebant,
1086 1916 1139 1992 qui
1162 1934 1232 1974 vero
1254 1917 1285 1974 in

266 2006 539 2082 plenam.-=,fuerant
566 2006 728 2064 amentiam
758 2007 837 2065 versi
864 2004 1080 2064 concurrebant
1108 2005 1146 2063 ed
1169 2024 1287 2080 equum,

259 2096 359 2170 quasi
385 2093 439 2152 illa
467 2094 582 2153 ratione
610 2095 674 2171 tegi
701 2112 736 2153 ac
759 2093 879 2152 defendi
901 2096 1068 2169 potuissent
1092 2113 1152 2168 qua
1175 2093 1286 2152 dudum

266 2185 373 2244 Ulixes
397 2187 428 2244 et
451 2186 550 2243 ceteri.

225 2289 266 2334 eo,
336 2273 407 2331 Heu
428 2274 504 2332 uitii
526 2276 626 2332 invitia
649 2276 698 2348 fos
721 2292 894 2346 peremptam
916 2275 1006 2345 fidere
1024 2274 1118 2331 diois!
1154 2273 1286 2330 dicturus

262 2363 449 2421 insidiarum
469 2362 570 2423 dolum
588 2362 641 2424 diu
660 2365 690 2421 et
707 2381 800 2437 usque
820 2362 1000 2437 adplenum
1019 2362 1157 2421 effectum
1180 2361 1286 2420 durare

262 2450 409 2527 nequisse
438 2450 668 2510 adserit-'etiam
695 2452 765 2510 deos
793 2452 831 2509 iis
860 2469 923 2510 esse
950 2451 1122 2510 adversatos
1154 2451 1206 2525 qui
1232 2469 1286 2524 pro
1355 2451 1358 2457 ’

263 2542 372 2616 vpatria
389 2540 575 2602 laborabant.
611 2540 663 2613 dii
677 2542 787 2615 inquit,
802 2540 983 2599 successibus
997 2542 1106 2599 nostris
1121 2539 1287 2602 invidentes
1340 2606 1342 2609 ,

268 2628 480 2710 persistebant,
494 2631 529 2688 ut
547 2629 653 2705 opibus
670 2628 808 2692 Troianis
826 2630 932 2704 plenus
950 2631 1122 2705 proveniret
1139 2630 1286 2686 interitus.

218 2732 253 2775 25
268 2718 362 2787 bene,
386 2720 443 2791 ait,
472 2717 558 2776 nobis
582 2718 773 2778 consiliorum
796 2718 900 2776 dolosa
922 2717 1044 2776 favebat
1066 2718 1213 2789 inventio,
1236 2715 1287 2780 sed

269 2806 353 2883 quod
379 2810 484 2867 contra
509 2807 633 2870 deorum
661 2807 848 2866 voluntatem
877 2807 1008 2865 humana
1035 2812 1212 2882 procurarat
1242 2808 1286 2864 in·

269 2896 388 2955 dustria
411 2914 479 2953 mox
501 2895 638 2955 inefficax
660 2896 810 2954 redditum
835 2899 887 2955 est.
925 2913 985 2955 occe
1003 2896 1172 2960 trudebatur
1186 2897 1288 2967 passis

263 2981 424 3057 Priameia
461 2987 542 3060 oirpo
577 2986 706 3043 crinibus
739 3004 758 3043 a
790 2986 893 3058 templo
928 2984 1100 3044 Cassandro
1136 2983 1288 3058 emaque

269 3075 441 3141 Minervae,
456 3083 457 3088 ’
472 3076 513 3132 od
542 3074 656 3134 ,coctum
688 3075 806 3133 tendens
842 3074 978 3133 ardentio
1009 3074 1124 3133 lumino
1154 3074 1341 3145 imbutos

226 3164 401 3230 oramina,
427 3180 498 3221 oum
521 3167 634 3241 teneras
658 3164 795 3222 arcebant
817 3163 1089 3236 coccapanis:
1122 3163 1287 3236 consilium,

268 3252 385 3327 inquit,
413 3252 567 3326 nostrum,
588 3254 660 3327 quia
688 3256 800 3309 eontra·
821 3251 943 3310 deorum
972 3252 1104 3310 studium
1126 3252 1287 3326 nitebatur,

265 3359 338 3414 ,mox
372 3341 499 3398 incurrit
531 3340 668 3414 adversa,
705 3340 840 3401 ¹videmus
876 3343 998 3417 repente
1032 3340 1156 3418 indigna
1188 3342 1287 3399 omnia

344 3514 358 3561 1
379 3525 443 3563 mox
456 3508 508 3562 LR
523 3510 565 3563 ed,
585 3508 701 3564 modoO
721 3509 842 3563 fortasse
860 3512 943 3564 recte.
961 3513 965 3578 Ι
987 3516 1106 3564 retracta
1124 3509 1146 3561 L
1164 3514 1286 3562 aetroota

269 3581 387 3652 indetr.
408 3596 476 3635 corr.
496 3580 528 3635 It,
540 3580 576 3652 cf.
595 3597 680 3651 supra
698 3586 759 3635 389.
833 3586 849 3633 2
868 3586 919 3634 aut
936 3582 1046 3635 nomiae
1063 3580 1089 3633 R
1107 3596 1175 3633 corr.
1194 3598 1216 3632 r.

270 3658 287 3706 5
306 3650 457 3707 caelom'lt
474 3651 581 3708 caecam
599 3656 634 3707 r.³
702 3658 735 3705 19
754 3653 842 3706 olicis
859 3651 919 3705 LR.
1002 3657 1035 3705 22
1054 3653 1138 3705 etiam
1154 3652 1209 3705 biis
1226 3651 1289 3704 deos

270 3723 323 3776 th
338 3740 363 3780 e.
378 3723 448 3777 deos
464 3724 508 3778 tie
525 3722 552 3777 Η
571 3723 614 3777 ed.
634 3740 654 3777 e.
675 3724 701 3777 d.
721 3724 758 3777 iis
775 3740 835 3776 nos.
927 3728 961 3776 25
979 3724 1059 3777 uobis
1077 3740 1130 3777 om.
1149 3722 1215 3776 eur.

270 3800 305 3849 28
324 3795 455 3863 priamea
473 3792 533 3847 aa.
592 3819 594 3823 Α
629 3799 661 3848 31
682 3796 838 3850 nitebamur
856 3794 899 3847 ed.
995 3800 1028 3847 32
1050 3796 1226 3848 iiierorreruat
1244 3792 1287 3847 ed.
