3250 4350
358 417 400 482 10
634 417 774 472 DONATI
792 417 962 471 INTERPR.
982 416 1089 471 VERG.

344 591 444 661 resque
471 586 664 655 caessara,
689 603 782 661 penas
807 587 886 646 urrde
909 587 1054 646 Latinum
1076 583 1244 660 Albanique
1262 591 1375 660 pates

345 680 431 750 alque
459 677 537 734 altae
564 679 681 735 moenia
708 676 830 742 Romae,
859 679 893 734 ut
922 675 1014 734 etiam
1041 679 1112 734 tuuc
1139 675 1218 734 bello
1247 676 1374 736 Aenean

344 765 518 840 adpetisset,
542 783 610 823 oum
633 764 793 823 civitatem
815 766 847 822 in
870 765 962 824 Italia
985 764 1133 837 conderet,
1157 782 1224 822 cum
1246 766 1374 825 inferret

343 853 417 913 deos
436 853 571 913 Romano
590 853 718 930 imperio
742 857 773 911 et
796 856 892 913 statui
914 854 1035 929 publico
1059 854 1242 929 profuturos,
1266 858 1374 914 contra

347 961 423 1018 quae
448 944 475 1002 si
497 942 678 1003 obtinuisset
696 942 783 1017 Iuno,
806 962 860 1002 nec
878 942 1022 1001 Latinum
1046 961 1139 1020 genus
1163 960 1217 1002 nee
1235 942 1373 1004 Albanos
1397 963 1408 1004 s

344 1032 495 1109 principes
519 1051 615 1108 neque
640 1034 739 1107 ipsam
761 1032 889 1090 Romam
912 1050 1093 1091 emersuram
1117 1033 1210 1091 fuisse
1232 1033 1373 1108 perinde·

345 1139 405 1197 que
431 1140 486 1180 nec
509 1123 610 1198 ipsum
634 1119 792 1181 Caesarem
820 1121 948 1180 Romani
980 1123 1100 1197 imperii
1135 1123 1253 1180 culmen
1285 1121 1373 1180 habi-

344 1212 455 1268 turum.
491 1211 562 1268 dum
588 1211 730 1269 conderet
752 1210 869 1269 urbem:
894 1210 929 1268 de
952 1211 1009 1270 hac
1029 1210 1207 1269 dictumest
1230 1203 1276 1291 (7,
1291 1208 1372 1288 290)

344 1300 465 1373 ,moliri
487 1301 549 1358 iam
572 1302 653 1358 tecta
676 1300 768 1372 ridet,
791 1301 853 1357 iam
876 1299 966 1358 fidere
989 1297 1114 1359 terrae“.
1160 1301 1244 1359 ouius
1268 1298 1372 1359 dolore

345 1391 495 1448 commota
523 1388 598 1447 Iuno
632 1390 777 1447 excitavit
809 1408 863 1464 per
892 1389 1016 1446 Furiam
1047 1389 1168 1448 bellum.
1212 1390 1371 1465 proposito
1386 1411 1409 1451 ro

345 1496 425 1536 nova
452 1479 626 1537 inventione
653 1479 799 1552 themate,
827 1480 859 1535 in
888 1497 947 1553 quo
975 1497 1036 1536 non
1064 1479 1161 1536 solum
1190 1497 1266 1553 quae
1288 1481 1372 1537 esset

344 1566 479 1625 dicturus
512 1566 645 1625 ostendit
676 1586 780 1625 verum
813 1569 905 1625 etiam
937 1567 1117 1625 multiformi
1146 1568 1264 1625 ratione
1293 1567 1372 1625 divi-

344 1656 438 1715 sionis
462 1673 533 1714 usus
557 1659 610 1729 est,
631 1656 853 1714 commendavit
872 1673 992 1714 carmen
1011 1674 1098 1714 suum
1116 1658 1147 1714 et
1165 1655 1284 1714 Aeneae
1303 1675 1371 1731 per-

344 1763 450 1804 sonam
468 1746 551 1803 omni
569 1744 697 1803 liberam
716 1745 840 1804 crimine
859 1744 1085 1817 demonstravit,
1103 1744 1258 1818 Iunonem,
1277 1765 1371 1821 quam

346 1853 381 1892 ex
410 1833 527 1893 diverso
555 1836 673 1910 posuit,
700 1835 804 1893 multis
835 1834 931 1892 modis
964 1836 1051 1911 gravi
1083 1833 1217 1909 perfudit
1242 1833 1407 1896 insidiare

345 1925 446 1998 ipsum
465 1922 640 2000 adgreditur
655 1922 693 1980 ab
711 1924 902 1981 invocatione
919 1923 1023 1982 Musae
1042 1924 1090 1982 sui
1108 1923 1249 1981 carminis
1269 1926 1370 1999 caput,

348 2013 396 2070 cui
419 2011 479 2071 nisi
501 2011 669 2070 instruendi
692 2012 812 2070 lectoris
836 2030 927 2071 causa
949 2013 1051 2071 thema
1069 2013 1284 2086 praemisisset,
1303 2031 1370 2088 per-

346 2100 471 2160 didisset
498 2100 632 2176 profecto
662 2103 792 2179 gratiam
822 2101 932 2160 laboris
961 2102 1021 2176 sui,
1049 2119 1117 2159 curn
1141 2100 1214 2177 quid
1236 2101 1370 2160 lecturus

347 2192 425 2249 esset
454 2191 548 2248 lector
570 2190 633 2266 ipse
657 2190 790 2250 nesciret.
837 2191 951 2249 interea
975 2192 1129 2266 proposito
1153 2191 1281 2249 themati
1309 2211 1371 2253 nou

346 2278 517 2337 mirandum
554 2284 599 2337 est
636 2281 668 2336 in
704 2279 840 2338 omnibus
873 2299 932 2338 non
964 2279 1151 2355 respondisse
1184 2278 1369 2357 Vergilium3
1383 2301 1408 2340 so

347 2387 415 2427 cum
445 2369 524 2425 enim
551 2367 643 2426 libros
672 2386 740 2427 suos
769 2369 916 2444 disposita
944 2368 1132 2427 ordinatione
1160 2368 1369 2445 perscriberet,

346 2457 404 2515 fine
436 2457 558 2515 vivendi
590 2459 809 2516 circumventus
842 2460 1039 2516 intentionem
1072 2458 1265 2533 professionis
1296 2476 1370 2517 suae

347 2546 485 2621 conplere
513 2565 573 2605 non
601 2548 714 2621 potuit,
748 2564 819 2604 nam
842 2546 1012 2622 Albanique
1040 2550 1141 2623 patres
1170 2549 1262 2622 atque
1288 2549 1369 2607 altae

348 2638 467 2694 moenia
491 2635 603 2694 Romae
626 2655 686 2694 non
710 2636 838 2710 scripsit.

415 2725 613 2799 Exposuimus
641 2725 783 2783 thematis
811 2727 940 2798 textum,
968 2725 1030 2783 iam
1057 2744 1135 2783 nunc
1159 2724 1198 2782 ad
1221 2723 1370 2802 originem
1384 2748 1409 2787 ss

349 2814 489 2873 carminis
521 2816 670 2888 caputque
702 2813 873 2887 redeamus,
909 2817 944 2872 ut
976 2814 1167 2874 ostendamus
1198 2812 1371 2891 Vergilium

348 2903 505 2977 poetarum
529 2920 616 2983 more¹
630 2902 710 2979 quod
729 2907 794 2960 erat
813 2905 978 2978 scripturus
998 2902 1036 2962 ab
1054 2904 1245 2962 invocatione
1265 2902 1370 2963 Musae

348 2992 489 3066 coepisse.
526 2992 628 3058 Maso,
652 2993 760 3068 inquit,
783 2993 856 3050 milri
879 3010 985 3051 causas
1008 3009 1146 3059 memore,
1170 3009 1225 3065 quo
1247 2996 1371 3053 nursiae

348 3081 426 3139 laeso
463 3081 568 3153 quidue
604 3081 703 3140 dolens
734 3083 837 3155 repieta
872 3082 957 3139 deum
990 3083 1029 3139 tot
1060 3082 1172 3140 volsere
1204 3099 1292 3141 cusas
1325 3084 1372 3140 in-

295 3174 330 3223 10
347 3172 460 3242 sionem
477 3171 587 3243 pietate
608 3172 714 3238 etrum,
733 3175 774 3229 tot
796 3171 880 3229 odire
903 3172 1015 3229 labores
1037 3170 1198 3242 inpulerit?
1242 3174 1371 3249 rogatur
1384 3193 1410 3233 so

347 3258 442 3331 Musa,
467 3260 609 3333 quoniam
632 3259 718 3317 deam
741 3260 817 3318 nihil
840 3260 935 3317 latere
958 3261 1150 3332 convenerat,
1173 3260 1208 3316 ut
1231 3258 1372 3319 odiorum

347 3346 471 3406 Iunonis
504 3348 645 3407 adversus
678 3348 802 3407 Aenean
834 3349 947 3407 diceret
984 3365 1088 3407 causas
1126 3340 1257 3428 (nullum
1289 3352 1371 3407 enim

348 3438 461 3495 iustum
481 3436 583 3495 odium
602 3440 647 3495 est
665 3440 722 3496 nisi
737 3439 815 3513 quod
831 3438 1032 3513 delinquentis
1047 3438 1242 3512 praecesserit
1256 3430 1371 3517 eulpa),

421 3594 436 3641 2
455 3591 587 3643 alarimo
605 3588 658 3641 LR
676 3588 725 3641 edI
743 3590 816 3657 quod
834 3591 915 3643 etiam
935 3588 1001 3642 eor.
1084 3594 1164 3641 4-5
1182 3594 1281 3642 centra
1298 3606 1371 3657 qaae

349 3659 402 3712 LR
420 3666 566 3728 contraque
586 3661 628 3713 ed.
702 3665 718 3713 8
738 3662 804 3714 dum
822 3661 948 3715 conderet
966 3677 1020 3715 om.
1040 3660 1083 3714 ed.
1163 3665 1196 3712 13
1215 3666 1241 3713 et
1258 3662 1370 3717 Actaeae

335 3735 421 3779 —16
437 3732 550 3785 e'eeee'de'a
570 3734 677 3787 temere
694 3732 822 3788 mutavit
840 3731 885 3788 ed.
983 3737 1018 3786 it
1035 3732 1154 3785 lecturus
1172 3731 1224 3784 ΒΗ
1243 3732 1371 3789 dicturas

316 3794 360 3843 0⁰3
440 3804 478 3851 21
491 3804 686 3869 perscriberet
704 3806 761 3862 LR
775 3825 908 3879 praescr.
928 3805 974 3860 ed.
1048 3808 1086 3856 ‘lt
1104 3818 1172 3856 eoru
1190 3816 1246 3852 otu.
1262 3802 1309 3851 ed.
