3250 4350
558 462 560 467 ,
657 405 841 460 AENEIDOS
860 406 899 460 HI
926 405 927 410 ’
1223 407 1290 472 339

269 578 470 650 irruentemque
483 577 604 649 insuper
615 574 745 636 Aetnam
758 578 917 650 inpositam
930 578 1026 648 ruetis
1039 577 1191 647 daromam
1205 578 1283 650 erpi-
1291 579 1346 629 680

270 683 341 725 rore
355 666 487 734 caminia,
499 669 525 723 et
537 666 647 737 fessum
661 668 792 739 quotiens
805 668 895 724 motet
908 666 993 733 lotus,
1007 665 1160 724 intremere
1178 682 1290 722 ornnem

268 771 423 814 murmure
447 753 635 819 Trinacriam
662 758 689 814 ei
714 755 827 814 coeluum
853 755 1001 813 subtexere
1026 756 1125 828 fumo:
1157 753 1289 812 eiusdem

270 844 389 902 Aetnae
416 844 508 904 etiam
536 842 681 920 originem
708 846 739 902 et
764 861 851 902 casus
869 843 973 902 volens
995 845 1086 917 poeta
1108 841 1289 916 subnectere,

240 952 253 991 s
271 934 416 1008 quoniam
428 932 543 991 incerto
557 934 678 990 auctore
691 933 811 1007 prolata
824 931 1003 991 ridebantur
1011 931 1193 1007 perindeque
1204 934 1290 990 erant

269 1021 409 1081 fabulosa
433 1024 523 1095 atque
546 1020 743 1094 incredibilia,
765 1022 848 1080 fama
872 1024 925 1094 esi,
948 1022 1056 1096 inquit,
1084 1039 1121 1078 ne
1145 1022 1178 1078 in
1200 1020 1288 1079 rebus

268 1112 398 1170 incertia
421 1113 456 1169 aa
478 1111 613 1169 fortassis
646 1109 870 1185 inpossibilibus
900 1112 965 1186 ipse
994 1129 1025 1168 se
1059 1111 1146 1184 quasi
1175 1110 1288 1168 cardum

269 1201 424 1258 auclorem
452 1201 656 1258 constitueret
701 1199 807 1258 inserit
838 1200 900 1257 iam
932 1199 1030 1274 ipsam
1061 1197 1197 1257 fabulam
1228 1216 1288 1258 non

269 1306 300 1346 se
321 1291 450 1361 auctore,
468 1291 503 1346 ut
521 1288 635 1346 dictum
654 1291 707 1361 esi,
726 1287 776 1346 sed
794 1289 877 1346 fama
894 1288 1058 1365 vulgatam.
1094 1286 1288 1361 Enceladum,

223 1396 253 1436 10
267 1377 379 1452 inquit,
394 1375 555 1453 (ligantem
573 1377 673 1436 ferunt
690 1395 745 1452 pro
765 1377 922 1454 sacrilegio
942 1377 1023 1452 quod
1041 1375 1198 1435 adversum
1217 1377 1287 1435 dees

269 1484 338 1524 cum
363 1467 468 1525 celeris
488 1463 668 1542 Gigantibus
692 1465 853 1524 admiserat
871 1467 1046 1525 semiustum
1064 1465 1188 1524 fulmine
1206 1465 1287 1525 Iovis

267 1555 401 1632 ingentis
423 1554 540 1614 Aetnae
567 1554 695 1613 molibus
724 1573 786 1613 esse
812 1555 977 1613 subiectum
1000 1553 1181 1629 perindeque
1203 1573 1286 1613 mon-

267 1648 332 1702 tem
359 1645 459 1718 ipsum
485 1645 587 1721 ignem
613 1630 730 1702 ructare
757 1643 892 1703 fulminis
919 1663 1028 1719 poena,
1061 1644 1158 1702 facere
1187 1646 1288 1702 aulem

268 1735 386 1791 motum
417 1735 528 1808 terrae,
560 1751 627 1790 cum
657 1733 735 1791 idem
764 1732 931 1792 Enceladus
960 1750 1118 1792 conversus
1145 1733 1176 1789 in
1205 1732 1287 1790 aliud

225 1839 252 1879 1⁵
267 1823 350 1881 laius
383 1822 505 1881 alberius
538 1822 669 1882 voluerit
700 1823 764 1881 vice
797 1822 929 1881 adfectas
961 1823 1035 1880 viris
1072 1824 1103 1880 et
1138 1821 1287 1880 tolerandi

268 1910 468 1970 substantiam
500 1929 647 1986 reparare.
693 1914 802 1969 nonen
833 1911 918 1969 illum
948 1913 1012 1968 teeti
1041 1910 1124 1969 silvis
1151 1912 1287 1968 inmunia

266 2003 400 2058 romairo
420 2002 599 2074 perferimus
626 2017 678 2058 nee
705 2017 779 2073 quoe
805 2002 933 2059 sonitum
961 2001 1008 2058 det
1032 2015 1123 2058 conso
1145 2000 1285 2058 uidemus.

266 2107 340 2147 nom
362 2105 453 2162 neque
474 2093 558 2148 oront
576 2093 722 2148 astrorum
740 2091 821 2162 iones
839 2105 892 2147 nee
909 2089 1024 2147 lucidus
1042 2089 1144 2152 oetbro
1162 2089 1276 2146 sidereo
1287 2092 1340 2142 585

261 2180 362 2251 polos,
386 2180 505 2238 obscuro
527 2180 579 2238 sed
600 2180 704 2239 nebda
727 2180 806 2238 coelo
829 2183 855 2237 et
877 2180 980 2237 lunum
997 2180 1031 2237 in
1048 2180 1145 2237 nimbo
1163 2194 1222 2237 non
1239 2180 1284 2236 in·

224 2285 251 2324 ao
266 2270 406 2340 tempesto
428 2270 553 2327 tenebat:
576 2268 734 2341 faciebant,
757 2269 867 2343 inquit,
885 2266 971 2327 nobis
993 2266 1145 2326 horrorem
1169 2270 1284 2326 sonitus

266 2356 376 2429 silvae,
403 2376 461 2416 nox
488 2356 592 2415 nubila
619 2357 702 2415 nulle
731 2358 841 2416 solacio
871 2357 918 2415 vel
945 2357 1034 2415 lunae
1061 2357 1110 2415 vel
1141 2356 1285 2429 siderum3

266 2447 370 2504 omnia
392 2448 502 2521 quippe
526 2445 618 2504 nubes
642 2445 825 2504 obtexerant.

334 2534 455 2594 Postera
481 2537 597 2609 iuraque
624 2535 685 2593 dies
706 2537 806 2608 primo
838 2535 975 2607 snroeboi
1006 2552 1054 2593 eoo
1085 2538 1284 2605 amenternqne

264 2640 380 2682 aurora
396 2625 466 2696 polo
489 2624 649 2684 dimoveret
671 2624 815 2692 umbrare,
837 2624 1019 2682 consubito
1043 2641 1057 2682 e
1079 2622 1161 2681 aluis
1183 2624 1339 2681 monicae

220 2732 248 2772 aa
264 2713 396 2784 confecto
413 2730 551 2786 seroremo
568 2715 660 2787 mooli
677 2729 754 2771 nouo
772 2714 871 2785 formo
888 2714 947 2772 oiri
964 2706 1190 2785 miserandaque
1204 2712 1284 2771 adio

257 2802 396 2875 procedit
417 2802 592 2875 suppleuere
614 2819 721 2861 manos
745 2803 784 2860 od
807 2802 895 2859 litora
918 2801 1016 2859 tendit.
1061 2820 1144 2874 mcx,
1168 2802 1226 2875 ait,
1249 2803 1284 2859 ut

263 2890 318 2948 lux
338 2892 436 2965 coepit
454 2893 570 2966 exoriri,
589 2892 710 2950 emersib
729 2910 764 2948 ex
782 2890 866 2948 silvis
885 2891 984 2967 ignoti
1001 2908 1080 2948 nova
1098 2890 1195 2948 forma
1214 2891 1281 2948 viri.

262 2998 326 3037 non
349 2978 405 3037 hcc
424 2983 467 3038 esi
486 3000 565 3039 nova
582 2981 679 3039 forma
698 2980 777 3055 quod
797 2980 842 3037 esi
859 2979 969 3056 ignobi3
992 2998 1071 3038 nova
1090 2978 1169 3037 enim
1185 2979 1283 3037 forma

260 3150 291 3202 in
313 3148 467 3217 archetypo
487 3149 661 3203 occasionem
680 3148 780 3202 erroris
800 3148 911 3201 dedisse
929 3148 1040 3201 videtur
1063 3148 1141 3218 (inde
1160 3151 1212 3204 tibi
1229 3166 1281 3218 pro

260 3223 315 3275 ubi
333 3225 358 3285 b,
374 3224 436 3286 795)
454 3223 612 3275 cernicatam
630 3238 644 3273 r
661 3226 807 3275 semustum
826 3220 869 3273 ed.

337 3296 462 3346 irrotat
479 3293 522 3345 ed.
613 3297 727 3346 icones
745 3290 797 3344 LR
815 3307 914 3344 causas
932 3291 998 3345 edF.
1089 3292 1282 3346 Sinceretiam

260 3363 317 3416 LR
331 3364 428 3417 inserit
441 3365 499 3417 inm
512 3381 526 3416 r
540 3365 636 3417 inserit
649 3364 731 3417 etium
746 3362 788 3416 ed.
845 3366 860 3414 9
876 3368 1012 3417 auctorem
1026 3362 1079 3415 LR
1093 3379 1187 3415 corun
1202 3362 1244 3415 ed.

261 3440 297 3487 10
316 3434 441 3500 fecerunt
458 3434 480 3486 L
498 3435 652 3501 infecerant
670 3433 695 3486 R
717 3434 943 3501 interfeceruntr
965 3434 1106 3500 desueuit
1124 3433 1167 3486 ed.
1186 3433 1283 3498 serora

259 3524 322 3560 nos.
390 3511 422 3558 11
442 3508 600 3561 seminatum
618 3505 671 3558 La
689 3510 836 3559 semustum
854 3505 897 3557 ed.
915 3506 919 3572 Ι
939 3507 1051 3573 anniane
1069 3503 1121 3556 LR
1140 3521 1208 3558 corr.
1223 3521 1244 3556 r.

261 3585 297 3631 14
317 3582 410 3631 notem
428 3576 558 3632 nuceto
577 3594 591 3629 r
610 3576 737 3630 berned.
768 3578 771 3645 Ι
806 3576 913 3641 effectos
931 3574 983 3628 Lu
1005 3577 1098 3642 effetas
1117 3593 1132 3627 r
1151 3575 1208 3627 eur
1231 3575 1282 3628 ad·

257 3651 349 3717 fectus
367 3664 426 3701 nos.
518 3654 551 3702 16
570 3649 726 3703 subeuntia
743 3663 874 3715 superare
892 3646 935 3700 ed.
959 3664 979 3701 s.
999 3648 1128 3713 superori
1145 3646 1187 3699 ed.
1208 3649 1280 3714 post.

318 3725 351 3772 17
372 3720 493 3773 oidimns
511 3719 570 3772 LR.
637 3723 670 3772 18
688 3725 841 3775 cedrorum
860 3717 902 3771 ed.
924 3720 928 3786 Ι
954 3718 1057 3772 sideria
1075 3717 1134 3770 LR.
1198 3722 1231 3770 19
1250 3719 1295 3771 in·

257 3810 317 3847 om.
333 3790 377 3845 ed.
452 3795 485 3843 23
504 3808 554 3845 eoo
572 3790 631 3844 La.
706 3794 739 3843 27
759 3807 772 3844 e
790 3790 875 3859 sylvis
893 3789 936 3842 ed.

1017 3876 1071 3913 ee*
