3250 4350
575 404 581 412 ·
615 455 619 462 ,
729 391 944 447 ununmosi
1304 393 1346 458 15

320 563 407 635 iunx,
428 564 503 620 natu
524 563 629 634 maior,
652 561 757 639 regina
781 560 912 638 deorum,
931 580 998 620 cum
1021 562 1133 620 iniuria
1155 563 1254 620 famae
1273 581 1345 622 suae

321 651 462 720 obtinere
490 649 666 726 nequiverit.
720 668 826 710 causae
854 669 924 729 ergo
952 653 1065 710 irarum
1092 652 1226 726 fuerunt,
1255 653 1346 710 sicuti

320 742 440 800 dictum
469 742 527 814 est,
554 740 587 797 in
612 739 725 798 iudicio
752 740 827 798 mali
854 742 938 798 aurei
968 739 1057 798 duae:
1089 759 1150 799 una
1182 742 1254 815 quia
1284 761 1346 800 non

320 830 471 903 obtinuit,
499 830 595 888 altera
622 830 694 904 quia
723 829 877 904 pulchrior
903 829 1037 888 iudicata
1067 832 1113 888 est
1139 828 1249 889 Venus.
1298 831 1346 889 ira

294 921 459 995 spertinet
486 919 525 976 ad
551 917 637 977 illem
664 921 795 993 partem,
828 918 900 993 quia
927 935 986 978 non
1013 920 1101 991 vicit,
1133 920 1215 977 saevi
1244 921 1346 978 autem

324 1008 444 1067 dolores
459 1008 498 1066 ad
515 1008 658 1066 iniuriam
676 1007 791 1066 formae
809 1009 996 1066 revocantur.
1039 1009 1214 1086 gravissime
1233 1010 1345 1084 quippe

324 1098 456 1157 feminae
480 1095 678 1170 offenduntur,
701 1097 727 1155 si
749 1096 855 1155 foedae
877 1096 1055 1155 iudicentur.
1102 1096 1230 1171 denique
1253 1099 1346 1161 satiat

324 1189 424 1262 ipsam
456 1187 573 1261 partem
599 1184 752 1263 Vergilius
785 1184 910 1244 dicendo
942 1188 1044 1245 manet
1077 1185 1139 1244 alta
1172 1188 1272 1244 mente
1299 1205 1345 1244 re-

323 1277 447 1351 postum
479 1273 623 1332 iudicium
653 1273 771 1333 Paridis
804 1277 980 1350 spretaeque
1011 1273 1123 1333 iniuria
1152 1275 1278 1348 formae,
1311 1277 1347 1333 ut

285 1385 311 1423 ro
323 1383 384 1424 non
419 1367 538 1422 tentum
569 1363 648 1422 irata
680 1363 820 1422 videatur
849 1363 929 1438 quod
958 1365 1039 1422 victa
1067 1367 1112 1422 est
1139 1366 1286 1439 quantum
1312 1364 1345 1422 in

322 1453 380 1512 illa
409 1455 496 1529 parte
523 1471 600 1528 quae
632 1452 671 1510 ad
702 1453 846 1517 iniuriam
878 1454 991 1511 formae
1018 1452 1197 1527 pertinebat.
1242 1456 1347 1512 manet

323 1562 396 1621 ergo
430 1541 511 1617 quod
542 1541 619 1600 dixit
650 1541 688 1600 ad
721 1543 823 1603 omnia
850 1543 994 1617 pertinet,
1026 1544 1179 1617 repostum
1206 1560 1277 1601 vero
1307 1542 1346 1601 ed

322 1631 472 1691 iudicium
503 1629 635 1705 Paridis,
671 1630 816 1690 iudicium
852 1630 967 1689 scilicet
1003 1634 1177 1706 corruptum
1210 1630 1345 1690 libidinis

323 1722 475 1797 praemio,
498 1719 615 1778 Paridis
643 1738 713 1779 vero
741 1721 784 1779 sic
807 1719 1023 1795 accipiendum,
1048 1722 1083 1778 ut
1106 1720 1274 1779 convicium
1296 1722 1346 1794 sit,

286 1830 309 1870 rs
323 1830 385 1869 non
409 1810 539 1868 hominis
563 1828 684 1882 nomen,
712 1809 827 1868 scilicet
853 1809 940 1884 quasi
963 1808 1086 1882 abiecti,
1113 1811 1199 1884 quasi
1222 1809 1346 1882 venalis,

324 1899 414 1974 quasi
446 1898 580 1974 vulgaris
613 1900 644 1956 et
674 1897 833 1956 inhonesti.
883 1900 985 1956 manet
1017 1898 1081 1956 alta
1107 1901 1206 1956 mente
1233 1897 1347 1956 iniuria

324 1988 455 2047 formae:
478 1986 617 2046 hocloco
637 1986 771 2046 doctores
791 1987 953 2060 falluntur3
972 2005 1043 2044 nam
1060 1987 1185 2046 tradunt
1202 1988 1346 2045 iniuriam

323 2073 441 2136 formae
465 2075 508 2135 sie
527 2077 672 2134 extitisse:
697 2075 801 2134 dicunt
820 2077 900 2135 enim
918 2075 1103 2154 Antigonam
1117 2076 1233 2135 Priami
1249 2075 1345 2135 filiam

323 2169 495 2245 ingressam
523 2164 647 2224 Iunonis
679 2164 826 2241 templum
857 2165 985 2225 formam
1018 2167 1150 2241 corporis
1183 2167 1230 2224 sui
1259 2184 1343 2241 prae-

283 2256 432 2317 rotulisse
456 2254 615 2326 simulacro
639 2254 719 2314 deae.
766 2255 846 2330 quod
869 2258 974 2314 contra
996 2258 1055 2329 est3
1077 2274 1147 2314 nam
1169 2255 1276 2314 melius
1300 2258 1347 2314 est

323 2344 501 2422 intellegere
530 2344 611 2419 quod
638 2342 791 2422 Verg'lius
819 2343 910 2402 habet
942 2363 1032 2419 quam
1063 2344 1201 2403 fabulosa
1227 2346 1344 2416 secturi,

328 2437 362 2491 ut
389 2434 503 2492 iniuria
530 2433 644 2493 formae
667 2432 784 2493 Paridis
812 2435 866 2507 sit,
894 2453 954 2491 non
975 2432 1155 2510 Antigonae.
1201 2433 1285 2492 addit
1315 2436 1347 2491 et

323 2540 420 2601 genus
438 2521 578 2596 invisum,
596 2525 632 2580 ut
650 2522 688 2581 ad
711 2523 909 2599 principalem
932 2540 1052 2581 causam
1076 2523 1221 2600 gementis
1244 2525 1346 2580 aestus

322 2611 494 2685 reduceret,
527 2613 557 2669 et
582 2612 665 2687 repti
693 2609 874 2687 Ganymedis
902 2612 1043 2684 honores,
1074 2613 1234 2686 propterea
1266 2611 1346 2685 quod

284 2722 310 2762 rs
323 2702 459 2777 turpiter
487 2702 604 2760 amatus
627 2701 669 2762 sit
691 2718 710 2759 c
732 2699 811 2761 Iove.
851 2701 994 2760 hocloco
1017 2699 1138 2758 foedum
1160 2701 1207 2759 est
1228 2700 1345 2759 intelle-

325 2809 398 2869 gere
422 2789 539 2865 aliquid
562 2788 598 2848 de
622 2788 743 2849 zodiaco
767 2789 879 2849 circulo
899 2788 932 2847 in
951 2807 1009 2864 quo
1029 2787 1215 2865 Ganymedes
1234 2789 1348 2848 dicitur

325 2880 515 2953 conlocatus,
542 2898 579 2937 ne
606 2880 734 2938 infames
763 2882 793 2937 et
821 2878 985 2936 effeminati
1011 2880 1091 2937 inter
1118 2880 1222 2937 sancta
1247 2878 1348 2937 sidere

324 2970 522 3027 numerentur
544 2970 575 3026 et
597 2968 760 3027 sentiamus
784 2966 864 3044 quod
887 2969 977 3043 poeta
1001 2986 1062 3026 non
1085 2967 1169 3025 dixit.
1209 2968 1348 3042 exposuit

326 3058 425 3117 omnis
458 3075 563 3117 causas
600 3060 631 3115 et
667 3055 797 3116 ostendit
833 3055 986 3115 universes
1023 3056 1136 3115 alienas
1174 3057 1211 3115 ab
1242 3055 1348 3116 Aenea

286 3168 311 3206 eo
326 3151 432 3222 atque,
464 3149 500 3204 ut
531 3147 678 3222 posterius
707 3145 802 3205 dictes
831 3145 1000 3204 ostenderet
1026 3144 1197 3217 incidentis,
1228 3147 1273 3204 ait
1298 3146 1344 3204 bis

327 3253 451 3295 accensu
474 3252 571 3308 super,
598 3235 655 3293 hoc
682 3236 728 3293 est
750 3234 796 3293 his
822 3252 944 3293 accensa
967 3252 1056 3310 super
1078 3234 1163 3293 illam
1187 3253 1263 3309 quae
1286 3235 1349 3293 fuit

326 3327 451 3400 propter
469 3322 616 3382 excidium
635 3321 834 3401 Carthaginis.
873 3325 903 3381 et
920 3322 994 3381 bene
1013 3322 1090 3381 dixit
1107 3341 1243 3400 accensa3
1265 3325 1347 3401 ignis

402 3498 416 3546 7
436 3493 514 3559 foede
533 3492 586 3546 LR
603 3494 698 3557 foedae
716 3510 731 3545 r
749 3492 792 3547 ed.
850 3498 882 3545 12
901 3500 1038 3562 repostum
1056 3508 1117 3547 cero
1135 3494 1173 3547 ud
1191 3508 1244 3544 om.
1264 3492 1308 3545 ed.

329 3571 361 3618 lo
375 3564 480 3619 scilieet
491 3596 522 3603 —
536 3570 568 3617 16
583 3564 720 3629 inhonesti
733 3563 890 3617 omittendo
905 3567 935 3618 et
947 3562 1146 3632 interpolando
1162 3563 1287 3632 corrupit
1300 3562 1344 3617 ed.

383 3640 417 3688 18
437 3636 558 3690 extitisse
576 3651 629 3689 om.
649 3634 692 3689 ed.
776 3640 809 3688 22
829 3635 901 3690 udde
919 3635 962 3688 ed.
1043 3640 1077 3688 26
1096 3636 1129 3690 de
1146 3636 1274 3691 drodiueo
1292 3634 1347 3686 th

329 3724 399 3761 corr.
413 3724 429 3760 r
443 3706 487 3760 ed.
544 3711 578 3760 28
592 3713 769 3761 numerentur
783 3705 837 3759 LR
854 3707 911 3760 siut
924 3707 1063 3761 numerati
1077 3704 1120 3759 ed.
1177 3710 1281 3759 30-31
1301 3706 1347 3759 bic

328 3794 444 3840 accensu
462 3795 515 3832 om.
537 3778 579 3831 ed.
