3250 4350
677 417 861 473 AENEIDOS
878 419 892 472 I
1251 421 1293 485 73

271 586 356 663 quod
378 605 416 646 ne
438 589 483 645 ita
506 589 559 661 sit,
587 588 629 646 sic
652 587 907 664 pronuntiandum
931 592 989 663 est,
1016 592 1052 648 ut
1075 589 1226 665 Sychaeus
1249 589 1294 647 ita

270 680 308 734 ut
325 676 386 734 fuit
403 677 554 750 innoxius,
573 676 753 754 Pygmalion
774 697 846 737 vero
869 678 1041 737 sceleratior
1064 679 1133 738 aliis
1157 679 1294 737 omnibus

270 765 495 824 demonstretur
523 784 597 840 quos
624 766 656 825 in
684 766 805 825 facinus·
828 766 940 841 inpulit
962 767 1053 826 furor.
1100 768 1166 841 alii,
1193 769 1294 843 inquit

270 853 435 930 Vergilius,
458 857 485 913 si
507 855 539 912 in
563 857 687 914 crimina
711 855 890 932 gravissima
913 856 1091 930 ceciderunt,
1109 857 1194 914 furor
1213 857 1293 932 lecit,

242 943 330 1003 shoc
358 945 404 1000 est
432 960 516 1001 amor
543 947 596 1002 aut
623 945 741 1003 insania
769 947 825 1002 aut
852 945 945 1003 animi
977 945 1074 1020 dolor,
1108 948 1138 1003 et
1169 948 1295 1020 possunt

270 1031 385 1089 habere
408 1033 527 1091 veniam
550 1033 632 1107 facti,
656 1032 837 1109 Pygmalion
859 1053 930 1093 vero
953 1034 1022 1093 inde
1046 1035 1219 1093 sceleratior
1240 1053 1295 1109 per

271 1121 405 1179 aliorum
429 1123 672 1197 conparationem
695 1121 927 1197 demonstratur,
950 1125 1022 1198 quia
1044 1124 1210 1198 voluntate,
1235 1143 1294 1183 non

271 1227 347 1268 casu
376 1213 429 1268 aut
455 1213 632 1270 necessitate
655 1211 751 1270 scelus
775 1212 906 1271 admisit
952 1212 1033 1287 quod
1055 1212 1154 1289 ipsum
1177 1215 1211 1271 ut
1233 1232 1294 1271 me·

270 1300 333 1359 lius
358 1299 533 1374 adstrueret,
556 1301 659 1376 paucis
684 1302 842 1376 expressit,
865 1304 900 1359 ut
923 1301 994 1360 talis
1018 1302 1213 1378 perpetrandi
1235 1320 1295 1361 sce-

227 1410 255 1450 ro
270 1389 346 1447 leris
370 1388 482 1448 diceret
505 1406 608 1448 causas
632 1408 709 1464 quae
732 1408 817 1448 reum
844 1391 1007 1448 multorum
1036 1392 1194 1450 criminum
1216 1390 1296 1469 Pyg-

270 1477 437 1535 malionem
458 1477 620 1537 fortissime
644 1478 819 1538 detinerent.
856 1480 905 1539 illc
923 1479 1085 1553 Sycltceam
1106 1483 1206 1554 aptos
1229 1486 1297 1541 crate

271 1584 348 1624 aras
371 1570 457 1639 atquc
480 1569 549 1627 curi
572 1584 674 1626 coecus
694 1585 807 1628 amore:
830 1567 906 1627 dixit
924 1587 1015 1626 unam
1035 1570 1157 1644 quidem
1175 1589 1296 1629 causam

272 1655 367 1714 firisse
391 1675 467 1730 quae
491 1676 525 1716 ex
549 1656 624 1716 vitio
643 1660 768 1716 naturae
788 1656 987 1732 descenderet,
1006 1658 1058 1717 sed
1077 1660 1124 1716 cui
1143 1658 1205 1717 alia
1224 1679 1296 1734 quo-

276 1763 335 1819 que
349 1745 476 1803 crimina
489 1747 686 1805 necterentur.
717 1765 856 1821 namque,
870 1749 905 1805 ut
920 1747 1082 1807 Sallustius
1097 1739 1177 1828 (Cat.
1195 1751 1244 1822 10,
1261 1741 1296 1828 4)

232 1852 260 1893 rs
276 1833 329 1906 ait,
348 1834 496 1908 „avaritia
514 1833 612 1909 fidem,
631 1835 812 1910 probitatem
834 1838 1005 1912 ceterasque
1024 1837 1098 1896 artis
1116 1837 1210 1896 bonas
1229 1837 1297 1896 sub-

273 1922 383 1998 vertit,
414 1942 469 1999 pro
497 1927 535 1983 iis
563 1925 746 1998 superbiam,
779 1924 1001 2000 crudelitatem,
1034 1926 1103 1985 deos
1131 1926 1296 2004 neglegere,

274 2014 379 2070 omnia
405 2014 524 2072 venalia
551 2014 660 2072 habere
689 2011 826 2073 edocuit“
850 2017 880 2073 et
902 2018 1009 2074 cetera.
1055 2016 1202 2073 avaritiae
1226 2034 1296 2093 ergo

274 2100 439 2160 crudelitas
462 2121 560 2162 comes
584 2105 630 2162 est
651 2103 836 2180 perfidiaque
862 2105 1029 2178 coniuncta,
1053 2123 1130 2180 quae
1153 2123 1222 2164 cum
1244 2105 1297 2163 ho-

274 2192 389 2249 minem
405 2194 545 2267 tenuerit,
559 2193 639 2252 cedit
657 2194 726 2252 inde
748 2193 893 2269 quicquid
910 2193 990 2252 inter
1007 2194 1142 2253 homines
1161 2198 1297 2253 sanctum

230 2301 261 2341 ro
277 2283 332 2339 est.
381 2300 440 2340 non
467 2286 567 2358 potest
595 2284 673 2341 enim
702 2284 832 2341 avaritia
858 2282 966 2341 habere
995 2283 1076 2358 qnod
1103 2286 1298 2358 concupierit,

276 2369 338 2427 nisi
365 2369 404 2427 ad
431 2371 464 2429 id
491 2372 600 2430 scelere
628 2375 801 2447 perpetrato
825 2374 1005 2446 pervenerit
1051 2372 1138 2431 huius
1162 2373 1298 2447 exempla

276 2459 397 2534 aliquot
421 2460 492 2520 locis
515 2463 606 2536 poeta
628 2464 730 2521 noster
752 2460 886 2520 inseruit.
925 2461 1069 2519 habemus
1091 2463 1124 2519 in
1147 2463 1298 2535 praesenti

275 2547 355 2607 libro
379 2548 594 2627 Pygmalionis,
616 2550 649 2608 in
671 2552 762 2609 tertio
786 2542 858 2631 (55)
879 2549 1114 2625 Polymnestoris
1139 2552 1191 2625 qui
1208 2549 1297 2626 Poly-

277 2637 385 2696 dorum
409 2642 532 2714 propter
555 2658 661 2698 aurum
685 2639 883 2698 abiurandum
902 2641 1030 2713 necavit,
1048 2642 1080 2696 in
1099 2642 1181 2698 sexto
1202 2630 1297 2719 (621)

234 2744 262 2785 as
277 2728 333 2801 qui
366 2730 488 2803 accepto
521 2746 592 2786 auro
624 2730 755 2804 patriam
787 2726 923 2786 vendidit
950 2731 981 2786 et
1007 2729 1104 2786 multa
1131 2729 1193 2787 alia
1220 2747 1298 2803 quae

276 2816 352 2873 locis
382 2817 443 2874 suis
472 2817 589 2892 plenius
617 2836 808 2893 exequemur,
837 2820 873 2875 ut
896 2817 1088 2875 ostendamus
1110 2818 1142 2874 in
1166 2818 1298 2895 singula-

276 2903 361 2962 ribus
386 2904 559 2966 criminibus
583 2908 657 2981 quot
681 2906 806 2965 crimina
829 2908 989 2964 teneantur
1007 2905 1145 2965 admissa.
1182 2907 1299 2965 interea

276 2993 436 3053 redeamus
456 2995 494 3052 ad
512 2998 676 3055 tractatum
693 2998 889 3071 praesentem,
903 2996 935 3051 in
951 3014 1009 3070 quo
1023 2995 1100 3053 illud
1115 2997 1184 3054 ante
1198 2998 1299 3054 omnia

277 3082 461 3141 noscendum
485 3088 542 3159 est,
570 3085 647 3142 nihil
671 3103 732 3143 esse
755 3084 787 3143 in
810 3084 909 3159 prima
932 3086 1114 3143 narrationis
1136 3088 1223 3161 parta
1246 3105 1298 3162 po·

235 3191 263 3230 so
277 3173 372 3231 situm
401 3171 479 3247 quod
508 3192 569 3233 esse
593 3174 772 3249 superfluum
795 3174 942 3232 videatur.
988 3174 1040 3232 ille
1064 3173 1230 3249 Sychaeum
1254 3178 1298 3232 in-

277 3261 347 3337 pius
381 3264 451 3319 ante
484 3281 551 3321 aras
584 3266 673 3338 atque
706 3264 773 3322 auri
805 3280 909 3321 caecus
942 3281 1055 3321 amore:
1092 3265 1235 3323 invitavit
1267 3265 1299 3321 in

278 3349 377 3409 scelus
406 3353 531 3409 naturae
558 3354 705 3427 pessimae
732 3352 885 3412 hominem
916 3352 1072 3426 opulentia
1102 3352 1218 3426 divitia,
1255 3354 1300 3410 ait

355 3525 424 3571 1-a
443 3521 485 3575 ito
503 3527 535 3575 ut
552 3521 609 3588 fait
626 3521 680 3574 LR
696 3523 783 3589 faerit
801 3523 844 3576 ed.
910 3528 926 3574 6
944 3522 1016 3588 facti
1034 3538 1087 3574 om.
1103 3521 1145 3574 ed.
1211 3527 1226 3573 9
1246 3522 1300 3574 olis

278 3589 332 3643 LR
351 3590 419 3644 aliis
437 3591 459 3644 L
477 3591 503 3645 11
515 3610 552 3646 m.
573 3592 621 3646 edI
639 3594 713 3647 olias
730 3593 788 3647 edil
807 3594 949 3649 tatianos.
1008 3598 1040 3646 12
1060 3593 1167 3662 protelem
1186 3609 1239 3646 orn.
1255 3593 1299 3645 ed.

336 3667 371 3715 16
390 3664 460 3717 ortis
479 3664 564 3717 bonos
582 3663 634 3716 th
652 3666 676 3719 b.
696 3683 721 3718 a.
742 3665 784 3718 ed.
859 3669 891 3717 19
910 3670 1035 3719 uouerat
1053 3664 1098 3719 ed.
1170 3668 1207 3717 ‘lt
1228 3665 1304 3718 Poli-

276 3723 560 3855 Zrbestorizybnltycggr.
580 3735 620 3788 ed.
680 3742 786 3790 26-27
804 3738 837 3793 r'n
853 3738 1054 3812 aequioribus
1073 3738 1245 3796 crtmtatbas
1263 3754 1323 3791 om.
