3250 4350
675 433 857 488 AENEIDOS
876 435 902 488 V
1236 434 1302 498 437

289 619 348 675 qua
376 619 465 667 causa
494 601 683 677 descripserit
705 622 862 677 possumus
887 605 1053 661 aestimare.
1099 602 1202 662 debuit
1224 604 1304 660 enirn

287 709 430 768 magnum
454 689 576 766 aliquod
599 694 629 749 et
652 692 807 767 pulchrum
826 692 896 750 inde
914 691 1072 767 procedere
1090 691 1143 750 ubi
1160 710 1303 767 personae

286 779 412 854 potioris
436 780 582 854 reliquiae
604 782 790 839 tenebantur.
835 782 973 853 obstipuit
993 783 1060 839 uisu
1082 779 1213 840 Aeaeus:
1236 782 1303 854 quis
1322 786 1357 835 90

286 871 367 925 enim
385 887 445 925 non
464 870 752 933 mirareturnovum
771 872 870 928 visum
888 873 919 928 et
936 867 1099 948 magnum?
1126 870 1175 928 illc
1189 871 1304 942 agmine

256 957 386 1031 sboupo:
422 976 528 1033 agmen
557 957 666 1016 dicitur
693 978 752 1034 quo
780 959 960 1018 natinaliter
990 959 1147 1034 inpellitur
1174 976 1304 1034 serpens,

284 1049 320 1103 ut
343 1043 408 1105 loco
432 1050 601 1105 moveatur:
625 1049 731 1126 anguis
755 1067 826 1126 ergo
850 1047 989 1125 serpebat
1012 1050 1139 1125 agmine.
1186 1047 1304 1106 tandem

285 1137 502 1208 interpretetus
526 1140 551 1194 et
573 1137 649 1195 levia
667 1138 776 1211 poculo
799 1155 918 1211 serpeus
941 1139 1097 1210 libavitque
1120 1137 1211 1210 dapes
1237 1155 1305 1194 rur-

285 1241 392 1296 susque
423 1226 562 1284 iuuouius
593 1228 651 1285 imo
682 1228 819 1285 successit-
848 1228 958 1285 tumulo
992 1231 1018 1285 et
1044 1228 1167 1299 depasto
1194 1226 1305 1284 ulteria
1344 1221 1346 1225 ’
1409 1273 1411 1277 .

287 1314 384 1385 liquit:
408 1314 553 1372 miracula
572 1314 642 1389 alia,
661 1335 720 1374 non
739 1317 842 1374 timuit
861 1318 968 1394 anguis
987 1317 1060 1391 ipse,
1079 1334 1146 1373 cum
1165 1316 1304 1389 serperet,

243 1421 273 1461 ro
287 1403 490 1477 praesentium
517 1404 672 1462 hominum
701 1408 831 1479 coetum,
863 1407 990 1480 sumpsit
1018 1404 1057 1463 ad
1084 1406 1197 1463 victum
1225 1401 1304 1477 quod

286 1492 384 1550 voluit
411 1495 442 1550 et
470 1511 503 1550 eo
531 1493 609 1551 unde
641 1498 826 1568 processerat
857 1495 1001 1553 remeavit
1032 1495 1178 1552 innoxius.
1224 1492 1305 1551 color

287 1582 351 1638 eius
375 1583 404 1639 et
428 1580 568 1655 splendor
590 1581 701 1640 idcirco
726 1583 835 1658 speciei
859 1584 980 1642 caelesti
998 1585 1178 1658 conparatus
1198 1583 1252 1655 est,
1269 1582 1306 1638 ut

286 1671 493 1728 ostenderetur
519 1689 579 1728 non
607 1690 642 1728 ex
669 1671 730 1730 illis
759 1690 821 1730 esse
847 1691 975 1747 quorum
998 1671 1173 1730 detestanda
1196 1672 1307 1729 natura

286 1761 334 1816 est
360 1762 390 1816 et
418 1759 509 1818 saluti
536 1759 689 1818 hominurn
716 1761 836 1818 infesta.
882 1761 1022 1836 denique,
1049 1762 1084 1818 ut
1111 1761 1223 1819 dictum
1251 1761 1305 1832 est,

241 1867 270 1906 rs
286 1850 432 1922 processit
454 1848 485 1904 in
509 1852 699 1924 conspectum
717 1851 824 1924 populi
842 1849 1016 1924 praesentis
1036 1849 1221 1924 amplexibus
1240 1848 1305 1923 pla·

286 1935 362 1994 eidis
386 1938 534 1994 tumulum
558 1937 761 2011 circumdedit,
785 1958 820 1997 ex
844 1940 904 1996 aris
927 1939 1086 2012 usurpavit
1109 1956 1185 2013 quae
1209 1937 1306 1996 voluit

287 2027 319 2082 et
342 2025 424 2084 nullo
448 2026 602 2084 hominum
625 2028 706 2085 laeso
729 2029 882 2086 remeavit.
919 2028 971 2085 boc
993 2028 1088 2100 inopis
1110 2029 1238 2099 inceptos
1258 2043 1306 2098 pe-

286 2116 377 2172 uitori
403 2117 553 2175 instaurat
574 2117 696 2175 bonores
718 2119 846 2176 incutio
866 2118 1021 2190 yeuiumue
1044 2116 1099 2172 toci
1119 2116 1304 2189 famulumne
1323 2119 1357 2168 95

281 2207 420 2276 parentis
447 2222 506 2263 esse
529 2210 626 2278 putet:
659 2224 726 2264 cum
748 2208 909 2264 miraretur
930 2205 1047 2264 Aeneas
1071 2222 1125 2263 nec
1148 2206 1222 2264 scire
1246 2204 1306 2262 evi-

243 2291 407 2351 audentius
435 2297 534 2368 posset
563 2295 629 2370 quis
658 2299 734 2354 esset
756 2296 822 2369 ille,
846 2297 953 2353 curin
974 2295 1071 2353 lucem
1095 2295 1179 2352 etin
1201 2293 1306 2351 huma-

287 2402 358 2438 num
393 2386 570 2440 conventum
602 2386 665 2441 tam
697 2383 786 2443 facile
823 2385 1015 2459 processisset
1054 2382 1192 2457 quodque
1229 2384 1308 2440 esset

288 2470 469 2545 intrepidus,
502 2472 582 2547 quod
613 2475 712 2531 tractu
745 2490 800 2532 suo
833 2473 974 2532 ambisset
1005 2473 1154 2530 tumulum
1186 2471 1306 2547 totiena,

289 2559 370 2633 quod
402 2560 588 2637 degustasset
620 2580 654 2619 ea
686 2580 765 2637 quae
798 2564 938 2637 apposita
969 2563 1089 2619 fuerant
1122 2563 1151 2618 et
1181 2560 1308 2634 depasta

288 2648 459 2722 reliquisset
487 2667 522 2707 ac
549 2649 674 2709 redisset
698 2651 847 2725 innoxius
874 2652 906 2709 in
928 2653 994 2725 ipso
1017 2650 1130 2708 incerto
1154 2652 1238 2707 ratus
1262 2651 1308 2709 est

244 2756 272 2796 as
289 2737 406 2811 aliquid
434 2756 496 2797 esse
524 2738 667 2797 divinum.
713 2740 769 2798 hoc
796 2742 893 2817 magis
920 2739 952 2798 id
979 2742 1024 2796 est
1056 2738 1166 2797 idcirco
1198 2739 1309 2812 repetit

288 2825 415 2883 honores
443 2829 570 2901 patrios,
597 2847 670 2903 quoe
699 2828 889 2903 disposuerat
915 2829 996 2887 facto
1024 2828 1086 2885 iam
1108 2826 1167 2885 fine
1190 2826 1307 2885 conclu·

289 2913 371 2989 dere,
403 2915 459 2974 hoc
487 2918 532 2974 est
560 2936 578 2973 a
606 2917 703 2976 medio
733 2921 802 2976 actu
831 2918 869 2976 ad
900 2918 1023 2975 initium
1054 2916 1145 2974 rediit
1176 2917 1308 2974 incertus

288 3006 448 3081 geniumne
471 3004 529 3063 loci
552 3006 736 3064 famulumne
759 3008 893 3082 parentis
913 3024 975 3065 esse
994 3008 1088 3080 putet.
1133 3006 1190 3064 hoe
1214 3023 1307 3079 quon-

287 3095 350 3150 iam
379 3112 438 3149 non
465 3095 566 3167 potuit
597 3096 696 3153 verius
729 3096 882 3155 aestimari
914 3096 1084 3154 coniectura
1116 3095 1308 3170 suspicantis,

242 3202 273 3243 ao
288 3200 348 3239 non
377 3195 504 3239 vacuum
531 3181 696 3241 iudicatum
724 3188 782 3259 est3
820 3187 873 3243 aut
900 3186 979 3242 enim
1007 3185 1113 3260 genius
1140 3184 1198 3241 loci
1221 3186 1307 3258 puta·

287 3271 378 3328 batur
406 3273 460 3329 aut
488 3271 618 3330 famulus
647 3275 755 3351 patris,
788 3293 849 3332 non
882 3276 1002 3351 anguis,
1035 3273 1085 3331 sed
1116 3275 1148 3329 in
1179 3290 1309 3349 anguem

288 3378 457 3418 conversus.
503 3362 726 3434 condiminae
749 3363 784 3420 de
806 3379 886 3421 more
909 3363 1032 3421 bidentis
1055 3366 1147 3434 totquc
1169 3378 1244 3427 suec,
1269 3365 1308 3418 to

288 3449 377 3507 tidem
409 3452 556 3539 uippuutis
588 3454 668 3524 terga
700 3453 837 3511 iuuencos
868 3454 994 3524 uinoque
1025 3451 1168 3524 fundebat
1193 3450 1310 3521 poteris

362 3600 604 3669 teuteusqucLR.
651 3608 684 3654 lb
694 3608 719 3656 et
728 3605 793 3655 ante
804 3603 976 3670 conplexibus
985 3600 1164 3669 interpoled.
1210 3606 1309 3666 liquo

286 3671 342 3724 LR
360 3688 430 3739 quoe
445 3672 486 3725 ed.
545 3676 649 3725 17-18
664 3675 781 3728 incertos
793 3675 900 3743 genitor
915 3676 1055 3727 instaurat
1068 3672 1127 3725 th.
1184 3676 1217 3723 22
1232 3675 1309 3724 tratre

286 3742 341 3795 LR
360 3749 451 3797 tractu
469 3762 483 3796 r
501 3743 546 3798 ed.
613 3749 647 3797 24
666 3751 764 3812 ruptus
782 3744 835 3797 LR
854 3745 896 3799 ed.
916 3751 995 3799 ratus
1013 3761 1034 3798 r.
1099 3749 1133 3797 25
1152 3744 1183 3796 id
1201 3748 1240 3796 est
1257 3740 1311 3795 LIt

283 3816 336 3868 boc
354 3820 393 3869 eet
411 3814 454 3867 ed.
529 3820 562 3867 32
582 3816 654 3869 cedit
671 3818 772 3884 quinas
790 3816 843 3869 La
862 3815 896 3869 cf.
917 3816 960 3869 ed.
975 3814 1058 3869 Ribb.
