3250 4350
554 436 559 447 ·
588 432 600 446 ·
672 400 855 455 AENEIDOS
874 401 886 454 I
1247 401 1288 466 13

262 575 394 645 rictuque
417 562 504 645 lonpe'
521 573 605 638 ostia,
624 571 705 630 dives
728 587 817 642 opum
839 571 1001 643 siculisque
1023 573 1188 644 asperrimo
1207 570 1288 629 belli:

264 660 425 736 antiquam
444 660 597 719 vdebemus
631 660 764 735 accipere
791 678 852 718 non
884 678 1037 737 magnam,
1070 671 1104 718 ut
1135 659 1287 720 nonnullis

264 750 396 824 videtur,
420 749 472 810 sed
495 749 607 825 prolixi
628 747 781 824 temporis,
803 751 839 806 ut
862 750 1031 807 annositate
1053 751 1120 824 ipsa
1146 749 1288 808 roborata

268 840 310 897 sit
334 843 423 915 atque
446 837 567 896 firmata
589 837 771 913 perindeque
788 838 924 912 potuerit
941 837 1110 896 Romanum
1128 838 1288 914 imperium

237 945 392 989 enascens
419 927 575 1005 longaevis
601 926 716 985 viribus
743 945 885 1001 premere.
923 927 1007 1001 Tyrii
1030 929 1151 985 tenuere
1175 928 1287 986 coloni:

266 1020 302 1075 ut
328 1019 450 1093 praeter
476 1016 590 1075 incolas
618 1018 707 1074 aucta
735 1016 776 1074 sit
802 1017 894 1074 etiam
924 1014 1090 1074 accessione
1119 1015 1287 1090 Tyriorum.

265 1105 410 1166 laudatur
438 1106 529 1164 etiam
557 1123 575 1163 a
602 1105 668 1164 loco
697 1123 732 1163 ac
755 1105 829 1163 situ:
861 1103 983 1162 Italiam
1006 1107 1111 1163 contra
1133 1104 1286 1163 Tiberina·

267 1214 326 1271 que
354 1194 444 1272 longe
473 1195 564 1268 ostia3
607 1211 625 1251 a
657 1194 790 1252 fortuna:
833 1193 915 1252 dives
945 1211 1050 1268 opum,
1082 1194 1139 1255 hoo
1166 1196 1212 1252 est
1239 1196 1287 1252 cui

265 1283 437 1344 substantia
468 1284 591 1360 propria
622 1301 682 1341 nou
715 1281 830 1342 deesset
860 1299 914 1340 nec
952 1285 1108 1357 quaereret
1142 1283 1287 1357 alienam3

223 1395 252 1436 io
266 1392 285 1431 a
311 1376 425 1433 natura
453 1374 484 1431 et
510 1371 656 1431 moribus:
688 1371 854 1446 studiisque
887 1373 1051 1446 asperrima
1083 1371 1163 1430 belli.
1209 1372 1287 1429 hanc

264 1465 364 1540 igitur
391 1461 520 1537 parabat
543 1461 692 1519 aemulam
714 1460 804 1533 Iuno,
834 1461 882 1518 cui
910 1462 1005 1518 omnis
1034 1461 1072 1518 ad
1099 1459 1287 1519 inferendum

264 1551 382 1610 bellum
410 1551 545 1609 Romano
572 1551 698 1624 imperio
727 1549 852 1625 patebat
879 1548 1008 1621 occasio,
1041 1549 1164 1608 Iunonis
1191 1550 1287 1622 favor,

263 1642 403 1700 locorum
430 1640 619 1716 proximitas,
648 1639 817 1698 substantia
844 1637 886 1697 rei
909 1638 1082 1711 familiaris,
1108 1637 1287 1697 bellatorum

263 1747 410 1788 numerus
438 1731 468 1786 et
495 1728 603 1787 fiducia
631 1728 779 1786 naturalis
807 1730 838 1786 et
867 1729 1005 1785 innatum
1027 1719 1168 1806 sstudium
1200 1727 1286 1785 dimi-

222 1840 250 1880 15
265 1817 364 1877 candi.
418 1835 511 1890 quam?
538 1819 618 1876 Iuno
649 1818 744 1889 fertem
776 1819 862 1875 terris
892 1819 987 1890 magis
1024 1818 1157 1874 omnibus
1195 1820 1339 1874 ancorale

258 1907 434 1980 posthabita
462 1906 707 1966 coluisseSomo:
729 1906 880 1965 lucillius
903 1924 997 1973 ormo,
1021 1906 1067 1963 bic
1092 1922 1198 1964 currus
1220 1906 1287 1977 fuit,

263 1997 319 2054 boo
346 2013 470 2070 regnum
496 1997 552 2055 dcc
577 1996 711 2069 gentibus
738 2012 811 2063 esse,
843 1997 871 2054 si
898 2012 958 2066 quc
984 1996 1050 2067 foto
1077 1996 1190 2061 abaci,
1225 1995 1287 2051 ium

264 2089 330 2143 tam
363 2084 508 2158 tenditque
538 2085 683 2158 fovetque:
722 2086 809 2142 tanta
842 2084 1042 2142 obstinatione
1074 2082 1149 2141 Iuno
1183 2085 1287 2141 contra

264 2175 438 2234 Romanum
473 2176 634 2249 imperium
669 2172 824 2233 nitebatur
860 2175 972 2233 faciens
1008 2192 1063 2248 pro
1097 2171 1286 2250 Carthaginis

218 2286 247 2326 ao
264 2263 386 2340 opibus,
404 2266 439 2321 ut
462 2263 598 2322 omnibus
622 2281 688 2321 eam
710 2264 799 2322 terris
824 2265 854 2321 et
875 2264 949 2339 ipsis
969 2280 1086 2338 quoque
1105 2261 1286 2341 genitalibus

263 2354 498 2429 praeposuisset.
551 2352 677 2427 denique
715 2352 847 2430 insignia
883 2353 1013 2411 numinis
1051 2352 1096 2410 sui
1133 2355 1165 2410 et
1200 2368 1286 2409 omne

264 2441 352 2516 quod
382 2445 502 2516 poterat
532 2441 564 2499 in
596 2461 632 2500 ca
664 2441 879 2500 conlocauerat.
929 2442 1099 2515 progeniem
1130 2441 1181 2498 sed
1211 2441 1287 2498 enirn

267 2531 402 2589 Troiano
425 2549 444 2589 a
466 2533 610 2604 sauguine
632 2531 700 2589 duaci
725 2531 874 2597 audierat,
905 2530 1013 2603 Tyrios
1035 2530 1105 2587 olim
1127 2546 1202 2601 quoe
1223 2546 1286 2587 oer-
1305 2532 1339 2580 20

265 2623 341 2679 terei
362 2637 458 2678 arces:
492 2622 608 2678 vertere
635 2619 711 2677 hanc
739 2618 830 2677 habet
854 2620 1024 2677 intellectus
1048 2635 1216 2693 expressam
1238 2636 1286 2675 ra-

218 2733 247 2773 es
265 2711 397 2782 tionem,
424 2711 459 2766 ut
485 2708 562 2767 nihil
588 2711 657 2783 post
685 2707 832 2766 excidium
860 2709 1001 2782 supersit:
1032 2705 1161 2782 denique
1189 2706 1231 2764 sio
1257 2708 1287 2764 et

267 2798 332 2856 alio
359 2796 424 2856 loco
453 2796 497 2854 ait
525 2788 620 2877 (237)
649 2815 744 2871 „quae
772 2799 802 2855 te
831 2796 948 2872 genitor
975 2796 1124 2855 sententia
1151 2792 1286 2854 vertit?“

267 2888 327 2946 hoc
351 2890 396 2945 est
419 2887 462 2945 sic
485 2886 627 2959 mutavit,
653 2889 687 2944 ut
710 2886 786 2943 nihil
808 2887 931 2961 pietatis
955 2885 1145 2943 remansisset
1167 2883 1198 2941 in
1222 2902 1287 2942 sen-

266 2976 352 3034 sibus
369 2974 464 3049 Iovis3
490 2975 565 3033 item
588 2976 647 3033 alio
670 2975 736 3033 loco
755 2966 800 3054 (2,
817 2966 895 3054 624)
919 2976 1001 3049 „tum
1019 2992 1090 3032 vero
1108 2992 1194 3031 omne
1214 2971 1288 3029 mihi

269 3067 369 3123 visum
392 3063 544 3122 considere
567 3065 599 3121 in
622 3063 700 3142 ignis
724 3062 815 3121 Ilium
838 3065 868 3121 et
891 3063 1009 3122 eximo
1033 3062 1111 3121 verti
1133 3061 1287 3137 Neptunia

223 3178 252 3218 eo
270 3152 388 3227 Troia“‚
422 3154 566 3228 quoniam
602 3152 759 3211 constabat
794 3152 871 3210 nihil
908 3155 971 3210 eius
1007 3150 1183 3210 remansisse
1219 3152 1288 3225 post

269 3243 415 3301 flammas.
470 3242 544 3301 haec
571 3261 655 3319 ergo,
688 3243 722 3299 ut
749 3240 862 3299 dictum
893 3244 950 3314 est,
982 3240 1156 3315 principalis
1188 3240 1287 3297 iuerat

270 3350 374 3406 causa,
404 3349 480 3406 quae
503 3332 595 3391 etiam
618 3330 732 3389 sisela
755 3332 907 3403 existeret,
935 3331 1000 3388 sola
1023 3332 1122 3405 posset
1145 3328 1287 3387 adversus

344 3508 376 3555 11
397 3502 534 3556 aemulari
552 3500 595 3555 ed.
657 3504 689 3551 12
708 3500 788 3565 favor
806 3498 859 3551 LR
877 3500 958 3565 furor
977 3498 1020 3551 ed.
1076 3504 1108 3551 16
1127 3498 1192 3551 Ιιιιίσ
1210 3498 1287 3550 illius

272 3573 324 3626 LR
341 3574 386 3625 bic
404 3574 423 3625 i.
441 3590 463 3625 r.
528 3577 561 3625 19
582 3572 771 3626 Rornanorum
789 3571 833 3623 ed.
898 3575 931 3622 23
951 3571 1063 3624 troiana
1081 3570 1217 3639 sanguiue
1235 3568 1287 3620 LR

273 3661 341 3698 corr.
360 3661 383 3698 r.
439 3648 473 3696 29
493 3644 656 3697 olio-vcro
675 3657 728 3696 om.
748 3642 791 3694 ed.
847 3647 880 3693 31
901 3659 963 3711 erpo
982 3657 1035 3693 om.
1050 3640 1093 3692 ed.
1149 3646 1183 3693 82
1201 3655 1288 3694 causo

271 3714 481 3838 ἓιίιὼᾶὲᾱιιιιιθ
497 3716 592 3779 fuerat
608 3712 729 3766 inseruit
746 3712 788 3769 ed,
806 3714 882 3785 post.
919 3716 923 3787 l
958 3731 1028 3787 quac
1046 3713 1074 3769 R
1093 3712 1139 3771 ed.
1163 3711 1305 3784 omisi
