3250 4350
668 430 876 492 omninno
1164 421 1281 491 nxxm

255 625 317 682 que
342 607 456 666 omissa
478 607 660 684 impediunt3
683 606 773 682 idque
796 606 889 664 etiam
911 607 944 663 in
967 605 1106 664 editionis
1130 607 1281 682 exemplar

257 695 355 770 cadit,
384 696 457 771 quia
484 715 521 755 ne
548 699 650 756 omnia
679 715 755 772 qnae
783 696 815 752 in
843 713 879 753 ea
901 694 1011 753 omissa
1033 688 1280 770 deprehendimus

260 783 409 844 editorum
442 785 650 863 neglegentiae
682 787 864 861 imputemus
895 784 1001 860 ingens
1037 784 1102 858 ipse
1139 802 1279 842 numerus

259 871 407 948 prohibet.
448 893 501 933 nec
524 874 646 934 difficile
666 878 711 934 est
730 875 766 933 de
785 873 885 932 codice
905 873 1055 931 communi
1072 886 1151 930 nuno
1170 874 1279 932 amisso

260 965 407 1040 cogitare,
441 965 594 1038 quoniam.
616 983 650 1023 er
678 966 744 1039 ipsc
772 962 961 1021 Harlemensi
987 961 1026 1018 ad
1055 963 1088 1035 4,
1109 961 1172 1019 385
1193 980 1279 1029 ¹com-

259 1052 360 1126 plures
389 1051 503 1111 Donati
534 1053 626 1112 libros
658 1057 724 1111 tum
751 1051 922 1110 Florentiae
952 1051 1043 1111 fuisse
1071 1051 1278 1126 comperimus.

260 1141 303 1200 ait
325 1141 420 1199 enim¹
433 1140 499 1215 „hic
523 1141 622 1201 deficit
645 1141 790 1217 expositio
812 1138 912 1199 CCXL
931 1140 1105 1213 carminum,
1124 1158 1201 1214 quae
1218 1159 1279 1199 nen

258 1231 409 1305 reperitur
430 1229 463 1288 in
487 1231 588 1305 aliquo
611 1233 696 1289 textu
719 1231 809 1290 huius
834 1231 979 1288 civitatis:
1013 1229 1144 1304 spatium
1172 1228 1277 1287 demit·

258 1322 366 1391 temuS,
381 1319 408 1378 si
425 1320 459 1376 in
477 1319 579 1394 aliquo
598 1320 664 1378 loco
683 1317 882 1395 reperiretur“
898 1309 948 1397 (ci.
959 1337 986 1376 v.
997 1317 1024 1375 d.
1035 1316 1158 1376 Hoeven
1172 1339 1201 1394 p.
1212 1308 1278 1397 54).

258 1407 375 1467 accedit
400 1406 478 1482 quod
498 1408 679 1467 Vaticanum
701 1408 812 1466 librum
835 1407 1013 1482 Florentiae,
1033 1405 1084 1465 ubi
1101 1405 1131 1463 H
1150 1408 1278 1482 scriptus

258 1501 314 1570 est,
345 1515 489 1571 umquam
517 1496 610 1556 fuisse
638 1517 724 1557 nemo
751 1500 855 1556 auctor
877 1497 930 1554 est.
976 1492 1161 1562 Oxoniensis,
1177 1498 1278 1554 autem

258 1588 376 1660 partem
404 1585 564 1644 secundam
591 1605 651 1645 non
678 1606 713 1645 er
740 1588 806 1662 ipso
830 1584 977 1643 Vaticano
1005 1583 1185 1660 descriptam
1214 1602 1278 1643 esse

257 1674 338 1733 infra
367 1673 487 1734 docebo.
534 1678 678 1750 ceterum,
705 1676 858 1749 utcunque
884 1693 932 1733 res
961 1692 991 1732 se
1013 1672 1113 1747 habet,
1137 1675 1278 1748 quoniam

256 1763 287 1821 in
310 1763 493 1823 recensendo
517 1764 631 1824 Donati
652 1767 738 1824 textu
761 1781 909 1839 nusquam
937 1766 1059 1838 excepto
1087 1762 1193 1822 ultimo
1216 1762 1277 1820 Va-

256 1854 353 1912 ticani
375 1853 451 1912 folio
473 1851 513 1910 ad
536 1852 590 1912 hos
614 1853 727 1913 codices
751 1851 982 1930 confugiendum
1005 1854 1064 1925 est,
1087 1851 1164 1909 nihil
1186 1852 1277 1910 inter-

256 1945 301 2000 est
333 1941 395 2000 nisi
427 1939 467 1999 ad
499 1943 626 2001 stemma
657 1941 910 2015 constituendum,
943 1939 1023 2017 quod
1052 1940 1127 1998 mihi
1157 1940 1278 2016 quidem

256 2029 430 2090 huiusmodi
454 2047 516 2090 esse
539 2029 672 2089 videtur:

675 2137 864 2214 Archetypus

714 2218 821 2326 flu

691 2333 844 2392 LVR

338 2666 1195 2771 Wmmmneffirffi

321 2832 388 2890 lam
413 2832 592 2909 singillatim
614 2832 650 2893 de
674 2834 711 2892 iis
734 2833 870 2892 referam.
892 2831 1141 2891 Harlemensis
1168 2830 1275 2889 biblio-

259 2921 364 2979 thecae
386 2919 524 2996 publicae
549 2923 601 2996 22,
623 2921 876 2996 membranaceus,
899 2922 1012 2980 formae
1035 2919 1166 2998 grandis,
1188 2920 1275 2979 folio-

257 3029 321 3068 rum
348 3009 427 3086 380,
455 3008 563 3085 incipit
591 3030 609 3068 a
636 3011 734 3072 verbis
761 3012 909 3087 prooemii
936 3010 1004 3086 „cui
1025 3009 1112 3067 licuit
1135 3008 1275 3068 universa

258 3095 448 3173 percurrere“
473 3098 588 3158 amissis
612 3118 680 3158 cum
701 3100 791 3159 titulo
815 3119 892 3175 quae
914 3096 1144 3175 praecedebant,
1159 3098 1274 3156 >termi-

260 3190 348 3246 natur
374 3190 424 3262 12,
445 3188 507 3246 952
537 3188 628 3247 verbo
652 3186 859 3263 „debebatur“,
885 3190 954 3264 post
976 3187 1056 3262 quod
1079 3188 1189 3245 omisso
1212 3185 1274 3244 Do-

260 3278 322 3334 nati
346 3275 385 3334 ad
407 3276 505 3335 filium
529 3276 647 3354 epilogo
666 3278 844 3353 subscriptio
864 3277 1005 3352 sequitur,
1025 3275 1139 3350 quade
1158 3274 1275 3333 librarii

261 3382 384 3437 persona
413 3369 503 3440 atque
531 3368 630 3426 aetate
658 3366 803 3426 docemur.
851 3369 896 3424 est
920 3367 1019 3424 autem
1042 3363 1128 3421 haec:
1152 3362 1274 3441 „Vergi-

262 3450 408 3513 lianarum
437 3454 719 3530 interpretationum
747 3455 876 3515 Eneidcs
905 3453 981 3512 liber
1007 3451 1198 3511 duodecimus
1227 3472 1274 3510 er-

264 3540 351 3615 plicit.
399 3542 453 3601 deo
481 3545 596 3621 gratias
625 3563 718 3603 amen.
765 3546 893 3620 scriptus
921 3546 1020 3602 autem
1054 3542 1115 3599 fuit
1146 3560 1200 3617 per
1226 3561 1274 3598 me

265 3627 449 3691 hmeiseum
469 3630 509 3689 Si.
524 3632 642 3691 Nicolai
660 3634 744 3692 Berti
762 3632 888 3691 Martini
910 3632 946 3691 de
969 3633 1072 3691 sancto
1096 3627 1278 3690 Geminiano

268 3720 350 3781 avem
378 3720 530 3781 notarium
556 3721 758 3782 aventinum
787 3722 825 3785 de
852 3743 933 3787 anno
962 3723 1092 3788 Domini
1123 3722 1296 3786 millesimo

267 3808 538 3882 qudringentesr'mo
562 3814 749 3887 sexagesimo
780 3820 871 3881 sexto
907 3818 946 3883 de
982 3841 1093 3886 mense
1131 3812 1318 3885 decembffi

286 3906 340 3945 Dora
353 3909 447 3955 intem.
461 3910 525 3961 Vere.
549 3916 621 3959 vell.
1065 3946 1081 3987 0
