3250 4350
732 412 1008 468 8811818081
1055 454 1058 459 .
1304 413 1348 479 23

329 582 473 644 8188181888
491 583 603 642 vietam
621 601 676 641 nec
690 601 776 658 posse
790 582 884 642 118118
896 583 1078 642 Teucrorum
1091 589 1226 645 avertere
1240 602 1349 662 regem,

330 673 387 731 boc
416 672 573 747 estquod·
591 674 775 732 memoravit
801 688 864 730 8888
891 689 957 731 8888
984 677 1065 748 pente
1093 675 1133 731 lot
1156 690 1251 732 annos
1274 673 1349 732 bella

328 777 405 836 8888.
446 759 555 820 Graeci
577 761 657 819 enim
679 780 749 820 cum
766 760 960 835 Aiacemox
982 761 1170 831 8111188888
1192 763 1272 820 irata
1295 765 1349 833 eet,

330 869 391 909 uno
417 850 482 911 ictu
509 849 670 926 perierunt.
716 849 918 925 conplectitur
940 869 1011 927 ergo
1033 852 1114 910 inter
1140 851 1257 910 dolores
1280 869 1348 910 suos

304 939 423 1000 8811888
444 939 511 1013 hoc,
528 938 615 1014 ¹quod
636 940 705 1014 ipse
728 939 815 1014 quasi
837 956 906 998 cum
918 939 1103 1014 *aequalibus
1127 939 1206 998 bello
1229 942 1348 998 conten·

330 1027 403 1088 dens
426 1030 458 1087 et
479 1047 533 1103 per
552 1027 806 1088 18118118888888
829 1029 986 1088 continuas
1008 1029 1184 1089 inimicitius
1212 1046 1349 1088 exercens

329 1116 464 1177 obtinere
495 1135 556 1176 non
587 1118 728 1192 potuerit.
782 1120 864 1176 recte
896 1121 996 1178 autem
1027 1119 1130 1193 posuit
1158 1116 1238 1176 bella
1269 1136 1349 1194 gero,
1388 1157 1391 1161 ν

329 1205 417 1281 quasi
445 1224 515 1264 eum
541 1205 761 1281 resistentibus,
790 1205 885 1282 quasi.
904 1219 976 1267 cum
998 1209 1036 1266 iis
1060 1209 1112 1282 qui
1135 1209 1290 1283 sperarent
1311 1206 1348 1264 de

328 1295 453 1354 Iunone>
472 1296 639 1354 victoriam.
685 1294 813 1371 denique
836 1296 950 1355 811188
972 1294 1126 1372 probaret,
1155 1295 1199 1353 ait
1222 1297 1349 1368 818818-

290 1406 316 1445 88
329 1401 546 1458 8881888888
565 1385 693 1443 Iunonis
712 1384 819 1444 818881
830 1388 987 1458 praeterea
1005 1389 1059 1443 881
1075 1385 1198 1458 suppleo
1221 1385 1288 1442 8818
1301 1386 1349 1442 18-

323 1474 412 1546 ponit
432 1475 589 1533 bonornn?
619 1472 684 1532 Hoc
707 1472 819 1533 idcirco
842 1475 951 1549 posuit,
970 1477 1005 1532 ut
1023 1473 1191 1534 ostenderet
1208 1492 1262 1548 per
1281 1490 1348 1532 con·
1402 1477 1404 1482 '

329 1565 478 1622 188188888
501 1563 646 1622 Τ8ο18888
669 1562 780 1621 idcirco
804 1562 928 1622 Iunonis
948 1553 1060 1621 'numen
1083 1580 1144 1621 non
1167 1562 1291 1620 adorare
1319 1564 1350 1620 et
1390 1587 1393 1592 ·

328 1651 390 1711 8818
404 1652 482 1710 -eiue
509 1670 569 1710 non
591 1652 734 1726 inponere
762 1649 920 1726 sacrificia,
948 1650 1029 1726 quod
1051 1669 1083 1710 se
1106 1653 1261 1727 sperarent
1283 1669 1349 1710 8881

328 1739 485 1799 renitendo
509 1742 709 1815 superatiuos.
746 1740 805 1798 hio·
819 1743 933 1815 quanta
956 1743 1020 1799 8818
1042 1742 1076 1799 18
1097 1739 1196 1798 medio
1215 1741 1349 1815 posuerit

289 1831 485 1904 8888818888
513 1827 600 1888 debet
627 1828 757 1904 ostendi,
788 1847 860 1887 nam
887 1828 930 1889 sic
960 1847 1023 1889 esse
1046 1828 1161 1887 debuit:
1184 1831 1349 1904 praeterea

329 1917 491 1994 quisquam
514 1937 624 1977 numen
645 1917 769 1976 Iunonis
793 1917 900 1977 adorat
923 1920 976 1976 aut
999 1917 1125 1993 supplex
1147 1919 1207 1977 aris
1230 1919 1350 1993 inponit

321 2005 493 2075 honorem?
548 2006 612 2080 sed,
639 2010 674 2066 ut
701 2006 844 2080 diximus,
876 2008 1029 2066 honestius
1061 2006 1093 2065 in
1121 2006 1220 2066 medio
1248 2008 1350 2082 posuit

326 2097 496 2170 praeterea,
524 2097 560 2153 ut
587 2098 714 2170 ubsque
742 2098 916 2154 8888818881.
962 2099 1042 2154 88818
1070 2095 1182 2155 811888
1209 2095 1348 2171 plurimis

326 2186 404 2245 locis
420 2185 630 2259 ostendemus,
658 2204 750 2244 unam
773 2187 918 2245 orationis
941 2188 1059 2261 partem
1081 2205 1141 2244 non
1164 2185 1280 2259 semel,
1297 2186 1350 2245 sed

283 2298 313 2338 eo
327 2274 450 2351 saepius
476 2274 692 2351 accipiendam,
719 2277 754 2333 ut
777 2274 911 2333 dicamus
934 2277 1089 2351 praeterea
1112 2276 1166 2332 aut
1188 2276 1349 2350 quisquam

326 2382 440 2422 numen
458 2362 580 2423 Iononis
599 2362 725 2423 adorat?
762 2366 916 2465 praeterea
936 2367 989 2422 881
1007 2364 1131 2439 supplex
1150 2364 1211 2422 8818
1228 2365 1349 2439 inponit

327 2449 492 2511 honorem?
532 2455 568 2510 81
595 2455 750 2527 praeterea
772 2452 820 2512 bis
843 2454 1009 2528 accipiatur
1032 2456 1085 2511 aut
1108 2454 1187 2511 certe
1210 2452 1347 2511 ordinato

327 2558 419 2599 senen
442 2542 532 2599 semel
555 2544 716 2617 ponatur
707 2562 740 2601 18
762 2544 870 2618 capite
1320 2567 1322 2571 ⁴

395 2629 488 2689 Τ8118
515 2629 665 2702 1188888818
691 2649 788 2689 senem
816 2632 872 2689 dea
896 2630 1403 2689 8881888181888188881188850

287 2720 730 2795 81188818881818118118888
753 2739 853 2780 secum
877 2721 1036 2794 conferret,
1065 2718 1148 2819 ipsa.
1155 2738 1273 2794 quoque
1296 2738 1349 2778 no·

327 2806 423 2867 cendi.
440 2808 597 2878 eonsilium
620 2810 753 2884 repperit
779 2828 833 2868 nec
860 2808 1046 2868 laboravit
1037 2808 1200 2883 inquirere,
1230 2808 1348 2882 quando

327 2896 376 2955 illi
406 2897 574 2972 exemplum
600 2897 752 2957 Minervae
781 2897 853 2973 quid
880 2901 958 2958 esset
985 2899 1151 2957 necessario
1179 2896 1349 2956 faciendum

327 2987 447 3045 mature
479 2986 653 3066 suggessit.v
689 2986 741 3044 sed
771 2989 855 3062 prius
887 2989 977 3062 poeta
1009 2986 1113 3046 debuit
1145 2985 1348 3045 demonstrare

327 3078 476 3151 quantum
499 3076 655 3133 irascentis
679 3076 798 3135 ardores
817 3075 1006 3156 ‘excreverint
1029 3075 1217 3195 disputando.
1261 3093 1348 3150 supe-

403 3305 486 3352 1888
504 3297 556 3350 LR
575 3315 631 3351 non
650 3298 694 3353 ed
724 3301 769 3351 81
775 3300 878 3367 supra).
952 3290 1019 3351 din
1037 3314 1093 3351 888
1113 3298 1156 3352 ed
1231 3298 1348 3374 6811818

328 3370 381 3423 LR
400 3369 518 3440 818811
547 3364 699 3438 88881888.
817 3369 1012 3423 68188881
1038 3372 1042 3437 Ι
1071 3368 1266 3437 1818188111
1285 3385 1347 3424 888-

328 3443 423 3496 1188888
442 3440 485 3495 ed.
560 3445 593 3494 10
612 3441 712 3495 8818881
729 3413 835 3509 ubique
853 3440 912 3493 th.
939 3442 944 3508 Ι
973 3441 1083 3508 inponit
1106 3440 1153 3494 hic
1171 3444 1201 3495 et
1219 3439 1346 3505 inferius

327 3513 413 3566 tertio
432 3512 495 3566 loco
514 3513 627 3595 inponet
644 3511 696 3564 LR
715 3529 783 3566 corr.
798 3530 824 3565 r:
843 3511 995 3575 Donatum,
1015 3511 1149 3580 quoniam
1167 3512 1203 3566 de
1213 3511 1347 3565 Troianis

327 3582 481 3653 intellegit,
500 3584 611 3651 inponit
628 3582 732 3653 legisse
750 3586 878 3653 apparet.
953 3583 1186 3637 1188111181.
1201 3588 1310 3636 81888

329 3660 436 3708 13-14
455 3672 488 3708 88
505 3654 647 3709 retinendo
666 3654 728 3709 ed.
767 3655 946 3725 1881881888
964 3652 1038 3707 ed
1066 3659 1098 3707 is
1117 3654 1290 3709 ostendimus
1302 3652 1344 3707 ed.

381 3726 622 3781 1011888881
700 3731 748 3779 11
768 3673 837 3781 culp
835 3732 904 3781 certe
922 3724 975 3777 th
994 3731 1065 3780 818
1086 3724 1160 3779 ed
1225 3725 1347 3792 178818

329 3798 379 3851 th
399 3798 474 3865 88881
493 3797 572 3851 ed...
581 3801 644 3850 18
662 3798 784 3869 repperit
801 3798 845 3852 ed.
997 3817 1001 3822 ·
