3250 4350
680 435 888 490 PRAEFATIO
1231 436 1293 490 Xbl

271 607 304 664 et
330 603 440 664 inutile
463 622 537 682 opus
560 607 665 664 fuisset
689 608 719 664 et
742 623 795 664 sno
818 607 883 664 iure
905 605 1070 680 bibliopola
1093 605 1291 666 reclamasset.

272 694 388 754 leviora
414 694 511 772 igitur
537 711 604 753 cum
631 695 692 752 elia
720 697 784 752 tum
812 713 889 768 quae
912 694 950 753 ad
973 697 1052 754 recte
1075 693 1222 754 scribendi
1245 715 1292 753 ra-

273 783 386 841 tionem
404 784 557 858 pertinent
574 784 715 859 pleraque
734 783 932 858 praetermisi,
946 786 979 842 in
997 783 1186 862 gravioribus
1204 783 1292 843 rebus

273 889 423 948 nusquam
447 871 622 931 a-codicum
650 874 831 931 anctoritate
861 871 982 932 discessi
1009 873 1068 932 nisi
1096 871 1292 932 adnotatione

274 960 398 1019 adiecta.
446 960 680 1035 emendationes,
712 980 789 1036 quae
823 961 943 1036 quidem
975 961 1050 1019 mihi
1082 964 1181 1021 certae
1210 963 1291 1021 vide-

273 1053 389 1125 rentur,
417 1052 451 1109 in
473 1053 589 1109 textum
610 1052 724 1126 recepi,
748 1051 824 1109 alias
847 1068 915 1109 cum
937 1050 1181 1128 interrogationis
1205 1053 1291 1129 signo

272 1140 304 1196 in
331 1142 482 1215 apparatu
515 1139 673 1214 adscripsi,
705 1141 738 1197 in
769 1139 1022 1216 desperatioribns
1054 1139 1128 1199 locis
1160 1141 1291 1199 traditae

271 1227 396 1286 lectioni
425 1247 541 1287 crucem
570 1230 704 1305 apposui.
749 1230 782 1286 in
809 1228 1031 1288 scribendorum
1059 1228 1216 1287 verborum
1243 1248 1291 1288 ra-

269 1317 353 1376 tione
382 1335 450 1376 cnm
477 1317 568 1377 libros
596 1335 652 1376 nec
679 1317 813 1395 singulos
842 1317 900 1377 sibi
922 1336 976 1376 nec
999 1319 1078 1377 inter
1100 1336 1131 1376 se
1155 1321 1290 1377 constare

269 1405 487 1484 intellegerem,
506 1408 738 1482 frequentiorem
761 1409 981 1480 auctoritatem,
994 1406 1136 1465 Vaticani
1153 1407 1290 1481 maxime,

269 1497 392 1554 secutus
419 1513 493 1554 sum.
538 1497 657 1571 itaque,
684 1498 719 1553 ut
747 1497 889 1572 exemplis
916 1499 998 1570 utar,
1024 1514 1092 1554 cnm
1119 1497 1291 1574 genetivum

270 1582 351 1658 „fili“
380 1584 470 1662 longe
497 1585 634 1660 plurimis
658 1585 745 1657 locis,
772 1588 974 1643 accusativum
996 1584 1144 1660 pluralem
1167 1582 1290 1644 adieeti-

269 1692 391 1747 vorum‚
421 1673 474 1732 ubi
500 1673 583 1748 licet,
610 1674 786 1749 plerumque
813 1676 845 1732 in
873 1672 934 1747 „is“
963 1675 1145 1735 desinentem
1172 1663 1290 1754 (qnam-

270 1781 364 1837 quam
387 1762 524 1823 Donatus
551 1763 615 1839 ipse
644 1766 675 1821 et
698 1761 759 1837 „is“
783 1765 814 1821 et
837 1761 903 1835 ‚,es“
927 1763 1085 1821 admittere
1110 1761 1230 1820 videtur
1252 1763 1289 1821 cf.

270 1852 305 1925 9,
325 1852 392 1910 528
421 1854 451 1910 et
480 1855 536 1926 11,
554 1853 619 1911 534
648 1871 714 1911 cnm
746 1854 799 1924 11,
820 1844 914 1931 258),
946 1852 1182 1927 praepositiones
1214 1850 1290 1926 „ad“

267 1943 342 1999 ante
363 1959 384 2016 p
413 1940 446 1998 in
473 1940 563 2001 verbo
591 1941 777 2016 appellandi,
805 1938 898 2015 „con“
921 1944 991 1999 ante
1014 1961 1045 1998 m
1073 1942 1103 1999 et
1125 1940 1230 1998 autel
1258 1942 1290 1999 in

267 2029 361 2088 verbo
384 2029 546 2107 colligendi
568 2048 685 2105 semper
707 2029 897 2089 assimulatas
920 2031 1098 2104 invenerim,
1121 2030 1196 2088 haec
1217 2031 1289 2088 reti-

266 2118 370 2178 nenda
391 2120 512 2195 putavi3
535 2118 567 2177 in
591 2118 658 2177 aliis
682 2138 741 2179 non
765 2118 960 2178 assimulandi
983 2118 1182 2179 constantiam
1203 2137 1288 2196 prae-

264 2208 328 2265 tuli
355 2211 480 2284 propter
506 2208 713 2283 frequentiam.
760 2208 908 2268 Aeneidos
933 2227 1073 2269 versuum
1095 2226 1233 2268 numeros
1256 2210 1288 2267 in

264 2297 408 2373 margine
430 2297 579 2356 lemmatis
603 2296 762 2373 adscripsi3
795 2298 860 2371 sed,
883 2300 955 2373 quia
977 2297 1113 2357 Donatus
1137 2316 1196 2356 nou
1219 2316 1287 2356 raro

263 2388 323 2443 aut
346 2386 625 2461 interpretationem
648 2386 783 2445 lemmati
806 2388 965 2462 praeponit
983 2389 1037 2445 aut
1054 2405 1131 2461 quae
1150 2404 1203 2445 suo
1222 2387 1287 2445 loco

263 2474 318 2533 vel
342 2476 500 2549 praeteriit
521 2474 570 2534 vel
592 2476 700 2534 leviter
721 2476 826 2552 tetigit
847 2476 972 2534 inferius
993 2477 1104 2550 repetit
1123 2478 1153 2533 et
1171 2475 1287 2549 plenius

263 2566 385 2621 tractat
411 2566 465 2623 aut
492 2565 603 2631 multos
631 2582 733 2624 versus
760 2583 821 2622 uno
848 2566 988 2623 lemmate
1017 2563 1225 2638 complectitur
1253 2568 1287 2621 ut

264 2653 399 2711 maxime
429 2654 462 2711 in
489 2654 599 2729 primo,
631 2672 691 2711 uuo
719 2656 821 2711 autem
847 2653 913 2712 loco
941 2655 971 2727 4,
993 2656 1053 2710 191
1083 2652 1193 2711 lemma
1220 2671 1287 2711 cum

263 2743 520 2816 interpretatione
542 2762 597 2817 per
618 2742 815 2819 hyperbaton,
843 2744 878 2800 ut
900 2743 953 2815 ait,
980 2741 1109 2801 divisum
1132 2740 1287 2817 anticipat,

264 2829 374 2905 aliqua
400 2831 567 2907 reperiendi
589 2832 727 2891 molestia
754 2849 980 2905 nonnumquam
1007 2833 1103 2903 extat,
1132 2846 1222 2904 quam
1245 2830 1286 2888 ef-

262 2920 376 2997 fugere
403 2920 486 2979 millo
513 2920 600 2980 modo
630 2922 725 2995 potui.
771 2921 931 2979 lectionem
958 2919 1286 2978 Flavio-Fabricianam

262 3007 392 3067 mallem
428 3008 548 3067 omnino
584 3010 746 3086 praeterire
777 3010 957 3084 potuissem,
994 3008 1045 3067 sed
1082 3010 1153 3083 quia
1184 3026 1286 3066 veren-

259 3098 342 3157 dum
369 3099 435 3156 erat
461 3116 499 3156 ne
526 3100 592 3173 quis
621 3100 674 3156 aut
701 3097 803 3157 eadem
833 3100 885 3157 aut
912 3098 1037 3155 meliora
1068 3097 1100 3153 in
1131 3115 1166 3154 ea
1193 3097 1285 3155 latere

258 3185 473 3262 suspicaretur
500 3189 530 3244 et
557 3206 626 3263 ego,
658 3187 683 3246 si
711 3189 854 3261 tacerem,
887 3185 1034 3244 editorum
1066 3184 1204 3244 laudibus
1236 3184 1286 3242 ob·

263 3277 399 3335 trectare
424 3275 554 3348 viderer,
581 3274 722 3334 dilectum
745 3275 838 3343 habui
861 3276 920 3347 ita,
947 3278 982 3333 ut
1005 3276 1114 3334 omissa
1138 3277 1168 3332 et
1195 3276 1285 3331 inter-

262 3365 375 3441 polata
397 3364 540 3439 pleraque
564 3363 746 3438 adnotarem,
765 3367 921 3440 praeterea
945 3382 981 3421 ea
1003 3366 1121 3421 tantum
1143 3382 1219 3437 quae
1238 3362 1285 3420 vel

265 3453 404 3524 utilitate
428 3454 459 3511 et
476 3453 636 3529 prudentia
654 3453 702 3511 vel
721 3454 857 3512 vanitate
876 3456 906 3511 et
924 3454 1094 3511 temeritate
1113 3453 1285 3510 eminerent.

267 3544 419 3601 mutatum
446 3540 603 3601 verborum
631 3541 777 3616 ordinem,
804 3542 864 3600 nisi
892 3542 930 3599 ad
958 3541 1142 3599 intellectum
1165 3540 1286 3612 faceret,

264 3637 298 3691 et
326 3631 388 3690 alia
415 3630 531 3689 leviora
556 3648 617 3689 non
643 3630 750 3705 recepi.
796 3632 947 3690 oneratior
974 3630 1054 3687 enim
1076 3629 1214 3687 Donatus
1241 3630 1290 3688 est

266 3740 359 3796 quam
377 3722 413 3778 ut
431 3719 554 3780 saburra
571 3721 662 3794 egeat.
698 3718 789 3778 multi
808 3720 951 3785 editionis
966 3741 1086 3785 errores
1100 3720 1307 3784 distinctione

261 3809 393 3865 adbibita
424 3808 619 3864 consentanea
645 3825 707 3882 pro
734 3809 871 3875 absurda
902 3818 1024 3903 corrigi
1052 3817 1245 3900 potnerunt·
1272 3837 1324 3854 -·
