3250 4350
704 420 944 475 ruminosm
1270 421 1335 486 287

318 588 460 664 petrandi
483 589 607 649 alterius
630 591 766 664 responsi
783 591 961 649 necessitate
980 592 1096 669 cogeris
1114 591 1238 665 intrare,
1256 591 1337 650 ultro

319 697 397 753 quae
416 678 565 738 desideras
584 678 695 754 Apollo
713 680 854 754 porrexit.
884 679 975 738 habes
994 679 1125 738 numinis
1143 681 1206 738 eius
1225 679 1337 758 grande

319 767 532 842 conpendium,
559 771 594 826 ut
620 767 669 826 hic
696 767 782 827 nobis
809 767 1006 827 referentibus
1035 767 1131 828 discas
1159 768 1240 843 quod
1270 787 1337 827 cum

318 858 436 934 ingenti
458 855 596 916 laborum
618 858 735 916 iactura
757 856 857 916 fueras
882 858 1066 935 cogniturus.
1113 876 1179 916 ecce
1208 860 1337 932 quantus

290 964 392 1023 targa
415 948 445 1004 te
468 947 599 1004 numinis
618 946 717 1004 favor:
740 963 800 1004 non
818 964 906 1024 rogas
925 948 956 1005 et
974 947 1092 1005 furetur
1110 944 1256 1006 desiderio
1275 949 1338 1020 tuo,

318 1054 379 1093 non
408 1034 547 1111 navigas,
576 1035 680 1093 domus
709 1053 827 1110 quoque
854 1053 915 1093 non
942 1034 1090 1112 egrederis
1117 1036 1210 1093 limen
1237 1038 1267 1093 et
1290 1036 1338 1094 dei

318 1126 402 1183 iussa
416 1122 631 1182 famulantibus
647 1123 704 1182 diis
720 1123 758 1181 ad
772 1125 853 1182 auris
872 1126 940 1183 tuas
959 1126 1150 1199 animumque
1170 1126 1337 1201 portantur.

318 1232 397 1289 poue
419 1215 511 1270 istam
534 1231 594 1287 qua
612 1213 729 1272 vexaris
749 1213 967 1289 cogitationum
984 1214 1093 1272 molem
1112 1215 1143 1272 et
1161 1214 1214 1288 qui
1232 1214 1337 1288 loqua-

318 1321 389 1360 mur
417 1300 526 1376 quidve
554 1301 717 1370 referamus
743 1300 886 1361 adverte:¹
908 1320 963 1360 uos
985 1305 1012 1360 te
1033 1301 1197 1361 Dardanio
1218 1306 1338 1361 lucense

279 1411 305 1450 ro
318 1396 428 1464 tuoque
451 1408 537 1449 ormo
559 1393 656 1458 secuti,
680 1408 734 1450 uos
757 1391 901 1450 tucidum
918 1393 972 1450 sub
991 1395 1017 1449 te
1028 1393 1179 1464 permensi
1196 1391 1338 1450 classibus

318 1496 430 1553 aequor
456 1480 533 1539 idem
559 1484 695 1540 cauturos
720 1480 852 1540 tollemus
873 1483 906 1538 iu
929 1483 1011 1539 ostro
1032 1483 1149 1554 nepotes
1171 1481 1338 1553 imperium

318 1587 373 1643 que
396 1569 464 1626 urbi
486 1569 637 1628 dabimus:
660 1574 692 1628 tu
709 1571 825 1628 moeuto
842 1571 959 1643 mupuc's
976 1587 1086 1642 uopuu
1098 1587 1180 1643 poro
1200 1571 1391 1644 longum-160

318 1677 374 1731 que
396 1660 486 1732 fupoc
508 1677 545 1716 ue
567 1658 665 1732 lluque
688 1659 823 1717 laborem.
860 1660 930 1733 post
948 1677 1077 1717 errorem
1094 1659 1186 1733 primi
1203 1661 1338 1734 responsi

319 1750 362 1806 sic
381 1746 504 1806 Aenean
527 1749 636 1807 instrui
659 1750 852 1821 convenerat,
876 1749 912 1806 ut
935 1748 1016 1806 omni
1039 1748 1236 1825 ambiguitate
1260 1765 1337 1806 sum·

280 1855 303 1896 rs
317 1839 403 1895 mota
421 1839 452 1894 et
470 1837 523 1911 qui
541 1836 734 1911 loquerentur
753 1839 782 1896 et
801 1855 878 1911 quue
892 1838 1036 1896 referrent
1050 1836 1203 1895 evidenter
1222 1836 1339 1895 audiret

317 1929 349 1985 et
377 1927 520 1983 cerneret.
566 1925 669 1984 debuit
696 1926 775 1984 enim
803 1925 842 1983 ad
864 1925 937 1984 haec
958 1925 1134 2001 perferenda
1156 1925 1265 1983 talium
1288 1925 1338 1983 ad-

316 2013 415 2072 hiberi
443 2032 583 2088 persona,
610 2017 645 2072 ut
671 2014 860 2073 incredibilia
888 2018 918 2072 et
944 2016 1021 2073 mira
1048 2014 1172 2074 dicturis
1196 2013 1337 2073 facillime

317 2102 497 2164 crederetur.
535 2103 662 2180 denique
685 2104 745 2179 ipsi
764 2108 939 2162 enumerant
956 2103 1099 2162 beneficia
1117 2120 1171 2162 sua
1190 2106 1221 2162 et
1238 2105 1337 2162 novis-

317 2196 394 2253 sime
427 2194 519 2251 etiam
551 2194 715 2267 praesentis
746 2196 891 2268 temporis
923 2195 1039 2253 sociant
1075 2196 1338 2252 commemorantes

278 2283 487 2359 sopraeterita
514 2300 548 2339 ac
575 2282 700 2342 meliora
726 2283 759 2340 iu
785 2283 922 2341 futurum
949 2286 979 2342 ct
1008 2282 1135 2360 grandia
1163 2283 1337 2358 pollicentes

315 2370 479 2447 nepotibus
503 2373 533 2429 et
556 2390 658 2430 eorum
680 2371 808 2446 posteris
832 2372 998 2447 profutura.
1033 2374 1076 2431 sic
1094 2374 1174 2429 anim
1193 2374 1223 2430 et
1241 2373 1337 2447 primo

314 2460 430 2536 Apollo
449 2461 513 2535 ipsa
532 2459 680 2535 praedixit
699 2451 785 2541 (97):
805 2462 872 2535 „hic
891 2460 995 2519 domus
1013 2461 1132 2519 Aeneae
1151 2462 1267 2519 cunctis
1286 2460 1338 2518 do-

313 2549 485 2609 minabitur
508 2549 567 2607 oris
591 2552 621 2608 et
643 2551 709 2607 uati
727 2552 868 2608 natorum
891 2551 921 2608 et
944 2550 996 2625 qui
1014 2551 1173 2608 nascentur
1192 2549 1229 2607 ab
1247 2546 1336 2607 illis“.

314 2641 482 2697 hortantur
514 2640 586 2713 quin
619 2639 711 2695 etiam
742 2657 780 2697 ne
812 2640 853 2697 sit
884 2637 995 2699 laboris
1028 2639 1178 2713 inpatiens
1211 2640 1241 2695 et
1273 2642 1337 2696 arte

270 2750 299 2794 ss
314 2727 447 2787 mirifica
470 2729 642 2802 conponunt
665 2730 727 2786 eius
752 2729 894 2800 animum,
914 2730 949 2785 ut
971 2728 1073 2786 futura
1097 2728 1232 2802 quamvis
1255 2726 1337 2785 labo·

314 2819 402 2877 riosa
433 2816 561 2874 libenter
593 2814 718 2874 audiret.
765 2818 838 2874 artis
870 2818 964 2894 igitur
995 2817 1054 2874 fuit
1086 2815 1240 2874 excludere
1268 2819 1338 2874 ante

316 2907 423 2965 omnia
446 2904 677 2970 sollicitudinem
699 2906 829 2979 primam
853 2909 884 2964 et
905 2904 1031 2963 liberato
1055 2904 1218 2982 angoribus
1238 2907 1337 2963 animo

315 2996 362 3055 sic
382 2994 507 3052 alterius
526 2994 728 3071 navigationis
747 2994 863 3052 labores
882 2995 1024 3069 ingerere.
1062 2994 1190 3068 denique
1209 2997 1338 3070 purgato

316 3083 358 3143 ad
387 3083 509 3158 plenum
537 3082 657 3141 adflicto
685 3082 799 3141 dudum
826 3082 1009 3141 maeroribus
1037 3083 1124 3141 corde
1147 3082 1284 3141 facienda
1306 3085 1338 3140 in

393 3312 409 3359 2
428 3307 549 3360 nominis
567 3306 619 3358 LR
637 3306 680 3359 ed.
699 3307 825 3360 uuuiue's
842 3324 857 3358 r
876 3303 994 3359 inferius
1012 3306 1082 3358 item
1100 3305 1150 3358 ubi
1169 3322 1238 3359 corr.
1258 3306 1301 3359 ed.

317 3385 334 3433 6
355 3380 454 3433 domus
472 3376 526 3430 LR
544 3378 622 3432 douw
642 3377 685 3429 ed.
755 3382 771 3429 7
786 3382 918 3445 portatur
936 3376 988 3428 LR
1007 3377 1049 3429 ed.
1114 3382 1130 3430 8
1149 3378 1192 3431 lu's
1210 3378 1268 3430 iou
1286 3376 1338 3428 LR

316 3450 363 3505 bie
377 3451 427 3503 ir
444 3450 516 3503 boue
530 3450 548 3502 i.
564 3448 606 3504 ed.
622 3450 704 3503 istum
722 3464 782 3501 nos.
799 3450 804 3518 Ι
824 3450 874 3516 qui
892 3449 1036 3516 loquemur
1049 3448 1102 3500 LR
1116 3450 1183 3516 quid
1198 3448 1215 3499 t.
1230 3466 1244 3499 r
1258 3447 1301 3500 cd.

318 3527 352 3575 11
368 3521 492 3576 tollimus
504 3520 530 3571 R
544 3536 613 3573 corr.
623 3537 645 3572 r.
702 3524 735 3573 15
750 3525 775 3573 et
788 3522 837 3587 qui
846 3519 899 3572 LR
912 3525 944 3572 ut
957 3520 1006 3587 qui
1020 3519 1062 3572 ed.
1078 3526 1110 3572 ut
1123 3519 1177 3573 del.
1188 3518 1231 3573 ed.
1242 3521 1314 3586 post.
1332 3518 1335 3588 l

316 3595 475 3661 loqueretur
492 3590 544 3643 LR
564 3608 631 3645 corr.
651 3609 665 3643 r
684 3590 726 3645 ed.
753 3590 757 3661 Ι
787 3592 910 3645 audisset
926 3590 959 3645 R.
1038 3595 1071 3642 18
1090 3590 1239 3644 uerissima
1258 3589 1301 3643 ed.

316 3670 350 3716 21
372 3664 502 3732 postibus
524 3662 577 3714 LR
604 3662 747 3730 nepotibus
769 3679 783 3713 r
809 3663 962 3716 uiuentibus
985 3662 1041 3715 tuis
1064 3661 1107 3714 ed.
1132 3665 1191 3729 (pro
1215 3661 1271 3715 tuis
1294 3661 1336 3714 ed.

314 3737 392 3804 poet.
412 3736 490 3803 tum).
577 3740 611 3787 24
629 3734 756 3787 bortoteu
773 3732 827 3785 LR
845 3750 914 3787 corr.
935 3733 977 3786 ed.
1065 3737 1099 3785 28
1117 3734 1158 3786 sic
1175 3732 1228 3784 LR
1246 3734 1272 3787 si
1289 3731 1338 3784 ch

315 3824 372 3861 om.
394 3804 461 3859 edF.
535 3809 568 3858 29
588 3810 613 3859 et
631 3806 742 3872 adflicto
760 3804 814 3858 Lu
833 3804 876 3858 ed.
896 3810 921 3859 et
939 3803 1037 3858 delevi.
