3250 4350
357 419 400 482 90
637 418 777 473 DONATI
794 420 964 476 INTERPR.
984 419 1092 477 vultu.

356 589 443 646 mello
469 590 580 662 stiparet
608 593 634 647 et
659 590 739 648 dulei
766 589 935 648 distendunt
960 594 1076 649 ueowre
1098 592 1187 650 cellos
1209 596 1264 649 out
1284 577 1365 649 carro

302 679 513 751 435oeoipiaut
533 680 698 737 uenientum
721 682 775 736 out
796 681 913 751 aeratae
934 680 1010 751 facto
1028 681 1168 751 ameum
1186 682 1271 754 focos
1283 697 1367 753 pecus

356 785 376 825 a
393 768 586 840 praesepibus
610 771 716 836 arcem,
739 769 831 840 feruet
853 785 941 840 opas·
963 769 1093 827 inmittit
1116 787 1207 844 apum
1231 787 1366 844 conpara·

355 858 477 930 tionem,
491 856 572 931 quod
586 875 678 933 genus
698 857 837 915 animalis
855 875 1019 931 numquam
1038 877 1056 916 a
1074 857 1228 917 laboribus
1246 876 1368 918 vacuum

356 948 387 1004 et
413 948 443 1003 in
473 945 604 1019 plurimo
632 964 757 1004 numero
785 946 981 1004 constitutum
1005 950 1051 1005 est
1072 949 1209 1005 unanimi
1232 947 1368 1006 societate
1387 918 1411 1004 si

356 1035 536 1094 concordans
561 1034 699 1110 quodque
721 1035 833 1095 habeat
854 1035 1074 1110 providentiam
1098 1039 1129 1095 et
1150 1037 1304 1110 partiendi
1330 1037 1367 1095 la·
1410 1064 1411 1099 ;

354 1124 435 1182 boris
458 1124 626 1182 naturalem
644 1123 833 1197 industriam,
851 1143 945 1199 usque
964 1124 1038 1183 adeo
1057 1128 1199 1198 astutum,
1218 1129 1255 1184 ut
1272 1127 1367 1184 fucum

355 1213 449 1287 pellat
472 1232 490 1270 a
512 1212 631 1271 sedibus
651 1214 721 1287 suis,
740 1212 821 1288 quod
840 1233 932 1290 genus
952 1215 1090 1272 animalis
1109 1234 1169 1273 non
1187 1217 1312 1273 tantum
1330 1218 1370 1274 esi

354 1304 433 1360 iners
448 1305 479 1359 et
493 1301 682 1375 desidiosum,
691 1322 795 1361 verum
810 1303 901 1360 etiam
916 1303 1014 1361 aliena
1029 1303 1103 1361 bene
1115 1306 1204 1379 parte
1216 1305 1369 1363 consumit.

356 1409 431 1465 quae
451 1409 518 1448 cum
536 1391 652 1450 odoret
670 1391 795 1464 Aeneas,
815 1410 874 1449 non
893 1391 1002 1450 invidit
1020 1393 1136 1451 alienae
1154 1392 1306 1467 felicitati,
1325 1391 1399 1452 sedo

355 1481 431 1537 hanc
454 1482 627 1555 prosecutus
652 1483 697 1538 est
719 1480 816 1553 laude,
841 1500 931 1554 quam
955 1481 1077 1558 collegit
1100 1501 1135 1539 ex
1159 1484 1369 1557 conparatione

355 1569 493 1627 fortunae
518 1587 588 1628 suae
613 1569 714 1628 dicens
737 1587 753 1627 o
777 1571 929 1642 senoreti,
953 1588 1077 1642 quoram
1094 1573 1157 1628 iarn
1174 1573 1291 1629 moenio
1309 1589 1370 1629 sur-

352 1662 437 1730 pwat,
466 1658 521 1716 hoe
549 1660 594 1717 est
621 1658 718 1716 dicere
746 1658 866 1734 quando
895 1662 925 1717 et
953 1678 1007 1736 ego
1031 1659 1069 1718 ad
1092 1660 1170 1718 hano
1193 1660 1369 1737 felicitatem

300 1755 354 1803 440
363 1744 556 1821 perveniam?
596 1749 687 1821 inferi
708 1765 738 1806 se
760 1752 879 1820 saeptas
901 1748 1008 1807 nebulo
1031 1749 1180 1821 (mirabile
1203 1749 1299 1822 dieta)
1317 1767 1371 1823 per

353 1837 463 1895 medios
485 1839 638 1909 miscetque
660 1838 734 1895 uiris
755 1854 847 1909 aeque
870 1839 999 1895 cernitur
1024 1837 1094 1895 alti:
1125 1840 1246 1896 tantum
1273 1839 1401 1898 valuitu

353 1926 485 2000 provisio
517 1925 635 1997 matris,
667 1927 702 1983 ut
733 1927 909 1985 misceretur
935 1925 1052 1985 Aeneas
1085 1926 1222 1985 omnibus
1254 1926 1369 1986 Achate

354 2016 443 2087 socio,
462 2014 577 2073 videret
596 2016 692 2074 omnis
712 2017 742 2073 et
760 2015 798 2072 ab
817 2015 954 2073 omnibus
973 2033 1033 2073 non
1051 2014 1211 2076 videretur.
1240 2034 1272 2074 se
1293 2015 1371 2091 quod

355 2105 406 2177 ait,
429 2104 475 2161 bis
500 2104 703 2179 accipiendum
728 2106 785 2162 est:
809 2105 902 2162 infert
924 2123 955 2162 se
980 2107 1010 2162 et
1033 2105 1191 2180 permiscet
1215 2122 1255 2165 se.

421 2193 523 2251 Lucus
552 2197 584 2251 ire
614 2195 685 2252 arbe
714 2195 773 2265 fuit
800 2195 898 2252 medio
930 2196 1107 2253 laetissimus
1138 2195 1260 2253 umbra:
1297 2194 1370 2252 nihil

354 2283 479 2340 interest
506 2302 544 2339 an
571 2284 655 2341 lucus
683 2282 782 2340 media
808 2285 841 2340 in
868 2283 940 2340 urbe
969 2283 1060 2341 fuerit
1087 2302 1125 2341 an
1151 2284 1258 2341 umbra
1282 2285 1402 2343 fueritis

354 2371 451 2429 media
487 2373 519 2428 in
551 2372 626 2429 luco.
682 2388 737 2444 qao
768 2374 902 2443 primurn
938 2375 1038 2431 iactati
1073 2374 1163 2430 medis
1200 2377 1227 2430 et
1258 2374 1371 2432 turbiue

353 2461 443 2519 Poeui
471 2462 593 2532 effodere
620 2462 679 2519 loeo
706 2462 836 2534 siquam,
864 2462 940 2533 qood
967 2464 1049 2534 rapio
1076 2462 1155 2519 Iasae
1182 2466 1369 2527 morestrorot,

300 2558 352 2604 445
363 2555 451 2623 caput
477 2552 554 2608 ueris
583 2551 661 2622 equi:
692 2552 735 2608 sio
761 2552 918 2622 auersere
942 2550 1013 2608 bello
1039 2552 1182 2623 cereptum
1207 2555 1233 2608 et
1255 2552 1370 2624 facilem

353 2642 430 2696 ricta
449 2657 506 2712 per
528 2640 647 2698 saerata
667 2643 794 2713 pectem:
827 2640 907 2696 omni
931 2638 1084 2698 occasione
1107 2639 1262 2716 Vergilius
1288 2640 1369 2699 docet

355 2727 602 2800 quemadmodum
625 2728 728 2785 futura
751 2731 919 2786 noscantur.
960 2747 1051 2802 supra
1074 2729 1185 2804 quippe
1210 2746 1369 2804 cycnorum
1381 2747 1400 2787 n

353 2818 455 2888 posuit
473 2818 649 2891 exemplum,
667 2816 716 2874 hie
736 2814 848 2875 adserit
866 2816 979 2875 Poenos
1000 2818 1114 2877 delatos
1132 2817 1164 2875 vi
1182 2818 1368 2893 tempestatis

354 2908 384 2960 et
407 2904 525 2963 turbine
549 2908 581 2963 in
604 2925 638 2964 eo
661 2906 725 2964 loco
755 2905 793 2964 ad
822 2924 909 2980 quem
937 2908 1034 2981 primo
1062 2911 1277 2982 pervenerant,
1306 2927 1369 2966 oum

354 2994 548 3053 fundamenta
563 2995 733 3068 effoderent,
748 2996 818 3069 equi
838 2997 930 3069 caput
947 2998 1105 3071 invenisse,
1119 2997 1151 3054 in
1170 2998 1258 3054 cuius
1275 2999 1367 3056 forma

353 3082 465 3140 luceret
494 3084 638 3157 quaedam
667 3087 820 3162 signorum
848 3085 893 3142 vis
923 3104 998 3159 quae
1024 3103 1091 3143 acre
1115 3086 1227 3144 animal
1251 3086 1366 3145 demon·

353 3174 470 3230 straret.
515 3175 724 3247 interpretatio
748 3174 827 3250 signi
850 3174 921 3232 talis
944 3176 1092 3247 extiterat,
1117 3174 1199 3249 quod
1221 3174 1276 3234 illa
1300 3191 1396 3253 gersa

353 3261 456 3319 futura
488 3266 565 3320 esset
597 3264 628 3318 in
662 3262 874 3321 certaminibus
907 3263 1022 3321 bellicis
1052 3264 1139 3322 fortis
1171 3267 1202 3322 et
1230 3264 1365 3323 subsidiis

424 3455 439 3500 2
459 3451 625 3503 uenientium
644 3450 703 3503 LR.
792 3458 808 3503 4
828 3452 939 3505 ausinae
957 3451 1008 3503 1111
1027 3452 1193 3504 oairuaiium
1212 3452 1233 3504 L
1252 3452 1280 3505 11
1296 3469 1362 3506 man.

352 3522 484 3574 ciiriiuialis
503 3521 545 3573 ed.
567 3523 608 3589 (ut
626 3520 701 3574 infra
720 3522 789 3589 LR).
818 3526 822 3590 l
852 3539 970 3575 emaum
988 3522 1040 3574 LR
1058 3527 1098 3575 est
1115 3539 1139 3575 o.
1159 3522 1203 3577 ed.
1280 3529 1312 3578 10
1329 3525 1361 3576 ri·

352 3592 422 3645 (ierit
433 3624 466 3631 -
477 3594 582 3646 ireuidet
600 3593 643 3645 ed.
741 3599 771 3645 11
792 3596 864 3647 liauc
883 3593 935 3645 Lu
952 3595 1004 3647 huc
1022 3594 1064 3646 ed.
1159 3600 1192 3646 13
1212 3596 1301 3651 dicere
1319 3594 1362 3647 Lu

342 3663 451 3715 ecelsaei
468 3663 510 3717 ed.
578 3668 612 3717 17
632 3664 733 3719 videret
753 3665 804 3717 LR
823 3672 854 3717 ut
871 3683 895 3717 o.
916 3665 958 3718 ed.
977 3669 980 3732 Ι
1001 3671 1027 3718 et
1044 3666 1079 3718 ab
1098 3667 1226 3720 coraibus
1243 3684 1301 3721 uou
1318 3664 1362 3717 LR

329 3738 361 3787 et
377 3751 397 3785 a
416 3737 531 3792 nemeae
550 3737 595 3791 ed.
628 3741 632 3807 i
668 3754 697 3793 se
716 3756 772 3794 om.
788 3738 832 3792 cd.
936 3737 1080 3789 ‘timedio
1093 3736 1149 3787 uu
1164 3738 1254 3792 aredio
1273 3738 1314 3791 ed.

317 3804 358 3850 23
374 3806 496 3874 sr'pnrrm
517 3828 573 3881 pro
595 3814 637 3867 sic
658 3830 730 3869 urum
751 3812 816 3868 th.
892 3815 930 3864 ⁸28
950 3808 1102 3875 effoderunt
1119 3806 1164 3856 et.
