3250 4350
715 416 897 472 AENEIDOS
915 417 955 472 VI
1276 417 1342 483 609

323 585 478 663 regnabit,
507 587 558 661 qui
587 603 676 644 aurea
698 588 836 662 tempora
857 585 964 644 habuit
985 585 1182 664 regnavitque
1205 605 1259 662 per
1281 587 1342 645 Ita-

325 677 408 733 liam.
454 674 526 732 dum
554 673 676 734 Saturni
704 677 1015 734 commemorationem
1042 668 1129 749 facit,
1161 695 1249 751 quem
1276 675 1343 734 vult

323 765 405 823 inter
431 765 559 822 maiores
584 762 718 823 Caesaris
745 765 910 837 numerari,
937 763 1014 822 illud
1036 763 1156 822 videtur
1179 764 1342 839 adstruere,

322 856 360 911 ut
386 852 530 930 regnandi
558 853 687 912 felicitas
715 855 817 930 generi
833 854 908 912 eius
932 852 1079 912 attributa
1101 851 1248 912 videatur.
1295 872 1341 912 or·

287 942 448 1006 adinatur
479 960 580 1001 seusus
612 943 668 1001 sic:
705 942 753 1000 hic
785 944 831 1001 est
861 943 1015 1020 Augustus
1045 940 1166 1016 Caesar,
1198 941 1260 1001 divi
1291 961 1341 1020 ge

322 1049 394 1104 nus,
427 1033 482 1106 qui
512 1048 615 1089 rursus
647 1030 749 1089 condit
780 1049 872 1089 aurea
903 1030 1021 1090 saecula
1049 1029 1179 1090 Saturno
1206 1034 1341 1108 regnate.

323 1164 816 1180 ............................
828 1113 1016 1198 [impe]1·ium
1038 1120 1169 1195 proferet
1192 1137 1228 1178 ac
1249 1119 1341 1179 latius

322 1209 424 1267 faciet.
469 1252 780 1268 ..................
799 1211 849 1267 tor
874 1228 935 1268 non
962 1208 1036 1266 adeo
1068 1208 1166 1268 laudis
1197 1208 1342 1285 inplesset

323 1296 469 1372 officium,
497 1299 523 1355 si
551 1299 586 1355 ea
608 1299 726 1356 tantum
754 1317 831 1373 quae
856 1296 1002 1356 Saturnus
1031 1299 1164 1374 gesserat
1191 1298 1341 1356 facturum

270 1408 304 1449 ro
323 1385 482 1445 Caesarem
502 1387 629 1445 diceret
654 1386 727 1461 quid
745 1388 825 1444 enim
843 1385 1035 1445 memorabile
1054 1388 1156 1462 posset
1174 1404 1245 1458 esse,
1265 1388 1291 1445 si
1309 1385 1341 1444 id

322 1475 428 1534 fecisse
454 1474 610 1533 Gaesarem
633 1474 744 1535 diceret
767 1474 847 1551 quod
870 1476 947 1534 alius
970 1475 1108 1533 videatur
1130 1474 1260 1551 inplesse
1288 1475 1341 1550 qui

322 1565 357 1621 in
381 1565 444 1622 sola
467 1565 606 1640 regnavit
627 1562 739 1622 Italia?
784 1565 888 1639 faciet,
911 1566 1024 1639 inquit,
1048 1562 1157 1623 Caesar
1185 1564 1264 1639 quod
1287 1562 1340 1622 Sa·

322 1656 430 1712 turnus
463 1655 494 1710 et
525 1671 559 1711 eo
592 1653 735 1728 amplius,
766 1648 902 1712 domabit
933 1655 1030 1731 gentis
1062 1657 1093 1711 et
1123 1656 1235 1712 terram
1262 1672 1340 1728 quae

320 1741 402 1801 iacet
425 1744 509 1800 extra
532 1741 629 1800 sidera
652 1744 683 1800 et
706 1745 789 1801 extra
813 1743 885 1801 anni
907 1743 973 1800 vias
996 1744 1027 1823 et
1046 1742 1127 1815 solis,
1145 1735 1226 1821 [ubi]
1245 1760 1340 1801 annus

271 1853 303 1895 ιι
321 1829 461 1889 noctibus
485 1830 636 1889 concurrit
659 1833 689 1889 et
712 1830 848 1889 deficitur
871 1830 941 1890 solis
965 1833 996 1888 et
1018 1833 1182 1889 ceterorum
1209 1831 1340 1890 siderum

320 1919 462 1978 motibus.
510 1920 576 1978 vult
603 1938 673 1997 ergo
702 1938 764 1979 esse
791 1919 918 1978 ulterius
942 1919 1057 1994 aliquid
1079 1922 1169 1993 poeta
1192 1919 1271 1994 quod
1295 1919 1340 1978 sol

321 2008 439 2067 nesciat
466 2011 496 2067 et
523 2008 650 2066 mundus
675 2008 819 2067 excludat.
865 2007 918 2066 ubi
941 2010 998 2081 est,
1021 2007 1133 2082 inquit,
1156 2007 1264 2066 Atlans
1287 2007 1339 2066 ba·

322 2097 405 2154 iulus
432 2097 507 2155 caeli
536 2101 566 2155 et
593 2099 656 2156 axis
685 2097 760 2172 eius,
789 2096 841 2172 qui
868 2096 958 2155 astris
985 2096 1170 2172 fulgentibus
1195 2095 1340 2172 splendet,

321 2187 378 2244 illo
414 2205 508 2262 usque
544 2188 703 2261 imperium
741 2185 875 2246 Caesaris
912 2186 1115 2261 triumphique
1155 2186 1339 2262 pervenient

270 2298 304 2339 so
321 2293 390 2334 ecce
413 2276 520 2335 melior
543 2274 652 2335 Caesar
675 2294 764 2350 quam
787 2275 947 2348 Saturnus3
977 2274 1029 2333 illc
1052 2276 1132 2332 enim
1153 2276 1186 2332 in
1209 2275 1282 2347 sola,
1305 2278 1341 2335 ut

321 2364 438 2422 dictum
462 2368 516 2439 est,
539 2366 677 2442 regnavit
694 2364 785 2423 Italia
804 2368 835 2423 et
852 2365 962 2423 meruit
979 2364 1087 2422 habere
1106 2363 1177 2422 boni
1195 2366 1225 2422 et
1243 2364 1339 2424 felicis

319 2455 446 2512 rectoris
465 2456 654 2528 memoriam3
678 2456 790 2529 quanto
807 2454 962 2513 meliorem
980 2453 1068 2512 debet
1085 2452 1193 2511 habere
1212 2452 1340 2531 gloriam

320 2540 433 2601 Caesar
456 2560 549 2617 quam
573 2541 727 2617 Saturnus,
751 2542 803 2618 qui
825 2543 903 2601 hanc
925 2542 1063 2600 excedere
1082 2543 1204 2599 virtutis
1223 2544 1253 2600 et
1272 2541 1338 2599 feli-

319 2632 424 2690 citatis
448 2632 555 2689 merito
580 2631 726 2689 adseritur
743 2648 831 2707 posse
850 2634 881 2689 et
899 2632 979 2689 ultra
998 2631 1068 2689 solis
1087 2629 1152 2689 vias
1170 2630 1338 2706 triumphos

270 2738 390 2784 essuos
419 2719 590 2797 gloriasque
615 2721 787 2795 perducere!
832 2721 921 2780 tatas
942 2722 975 2777 ia
998 2720 1154 2778 adveniam
1175 2720 1237 2777 iam
1259 2738 1340 2778 acac

317 2814 346 2869 et
372 2808 486 2881 Caspia
508 2825 600 2881 repaa
622 2811 769 2882 responsis
791 2809 910 2867 torreat
931 2809 1033 2867 dicem
1056 2811 1083 2866 et
1099 2808 1232 2867 Maeotia
1255 2808 1339 2869 tellas

393 3018 409 3066 5
434 3014 494 3067 dici
515 3012 541 3068 V
564 3014 690 3067 divinam
713 3013 756 3067 ed.
853 3018 911 3067 ta
933 3012 1056 3067 Saturae
1079 3011 1121 3065 ed.
1157 3014 1160 3081 Ι
1194 3013 1339 3082 repaatV

317 3101 390 3138 corr.
407 3084 450 3137 ed.
530 3089 545 3137 ‘1
565 3084 692 3152 sequitur
709 3083 812 3138 lacuna
831 3084 950 3153 triginta
967 3084 1027 3137 fere
1045 3083 1204 3137 litterarum
1223 3085 1264 3138 sic
1283 3085 1339 3139 ior·

316 3159 397 3210 tasse
416 3154 568 3224 explenda:
594 3163 620 3210 et
637 3172 719 3225 super
734 3156 924 3209 Garamantas
942 3155 1075 3220 ellados,
1094 3156 1165 3223 impe
1184 3155 1301 3225 explevi.

317 3232 335 3280 8
356 3228 423 3296 post
439 3227 525 3295 saciet
543 3226 738 3296 duodeviginti
756 3226 915 3280 litterarum
934 3226 1058 3294 spatium
1081 3228 1176 3293 vacat,
1200 3227 1275 3293 quod
1297 3228 1339 3281 sic

317 3297 448 3366 expleas:
467 3297 628 3368 [Verpslias
645 3298 717 3351 euim
736 3298 896 3367 leudastem
920 3313 971 3351 sua
989 3300 1094 3350 temere
1112 3297 1242 3366 interpol.
1258 3298 1301 3353 ed.

317 3376 334 3424 9
354 3370 415 3423 sica
433 3366 459 3421 V
481 3369 507 3422 si
524 3385 557 3421 ea
579 3385 630 3422 nos
652 3370 679 3423 si
700 3368 743 3422 cd.
836 3374 869 3421 10
888 3368 1004 3437 qaid-
1020 3373 1052 3420 11
1072 3369 1171 3423 diceret
1189 3385 1242 3423 om.
1258 3369 1301 3422 ed.

317 3447 354 3494 14
373 3439 448 3507 facet
466 3454 517 3507 pro
536 3440 606 3494 tacet
623 3438 656 3492 V.
684 3439 688 3510 Ι
717 3439 783 3494 solis
800 3456 893 3493 aaaas
911 3437 1003 3492 Vati
1021 3439 1184 3509 interposui.
1211 3442 1215 3508 Ι
1245 3457 1338 3493 acuas

317 3542 352 3552 -
366 3516 399 3563 16
419 3499 537 3564 adletas
556 3526 608 3564 om.
624 3510 667 3565 ed.
748 3516 781 3564 16
799 3516 941 3565 caucanet
958 3517 982 3564 et
1001 3510 1059 3563 lace
1076 3511 1127 3565 acb
1145 3511 1213 3564 soles
1230 3510 1257 3563 V
1274 3528 1336 3565 coa·

315 3582 409 3638 currit
427 3586 452 3635 et
470 3581 597 3648 &ficitur
613 3582 679 3635 solis
696 3597 755 3635 nos.
811 3586 845 3634 16
864 3597 926 3707 erpo
945 3597 999 3634 om.
1014 3581 1057 3634 ed.
1119 3586 1151 3634 18
1170 3583 1290 3649 splendit
1302 3580 1335 3635 V.

375 3657 408 3705 19
424 3653 566 3721 perperam
582 3650 608 3705 V
627 3668 695 3705 corr.
711 3652 753 3706 ed.
824 3656 857 3706 20
876 3654 888 3706 i
909 3658 1010 3706 e-23
1030 3652 1169 3707 Saturam
1187 3669 1241 3706 om.
1257 3652 1300 3707 ed.

316 3730 353 3779 2³
368 3720 668 3778 eadwchorred.
724 3729 829 3777 24-16
843 3724 958 3790 triumfo
972 3722 1044 3777 saV
1060 3722 1191 3777 cornei.
1235 3728 1277 3771 ns
1292 3724 1350 3787 ‹po-

314 3798 445 3862 reamque
463 3793 504 3847 ed.
520 3792 694 3861 lproducere
713 3794 758 3850 ed.
833 3800 869 3850 ‘lt
893 3796 1042 3853 Maeotica
1060 3794 1109 3848 ed.
1176 3808 1185 3823 ·‘

363 3890 424 3929 Dan.
438 3890 533 3939 interpr.
549 3890 616 3943 Verg,
641 3894 689 3935 vol.
702 3895 724 3936 L
1122 3885 1162 3933 ‘5³3
