3250 4350
541 521 543 525 ἲ
657 435 840 490 AENEIDOS
858 435 898 489 IV
1219 433 1286 499 415

273 600 343 661 nam
365 602 529 662 defendisse
553 609 604 664 cst¹
621 605 710 663 occisi
732 605 858 662 mortem
881 603 1039 680 praedam,
1052 606 1175 679 propter
1197 622 1288 679 quam

272 694 420 751 mactatus
448 695 506 766 est,
533 693 705 753 abstulisse:
738 712 796 768 quo
818 695 856 750 in
884 695 964 752 facto
991 692 1171 770 Pygmalion
1198 693 1287 751 homo

270 781 436 856 profundae
464 782 609 841 avaritiae
638 785 667 840 ct
693 799 761 840 reus
788 780 933 842 remansit
947 784 988 839 ⁴et
1010 799 1132 857 pauper.
1173 799 1287 855 poenas

270 871 388 928 inimico
415 889 435 928 a
461 871 555 942 fratre
581 873 689 944 recepi:
724 872 792 946 ipsa
818 871 878 929 fcit
906 889 1003 946 poena
1030 869 1159 928 deterior
1185 874 1220 929 ut
1242 873 1286 928 vi-

242 960 354 1019 ruerat
380 977 434 1017 nec
460 958 584 1017 haberet
611 959 691 1034 quod
718 979 771 1035 per
798 959 893 1019 scelus
921 978 952 1018 se
980 958 1156 1018 crediderat·
1169 961 1287 1034 quaesi·

270 1049 357 1106 visse.
405 1047 508 1106 definit
539 1048 613 1123 quid
645 1050 685 1106 sit
717 1050 810 1106 statui
843 1054 873 1107 et
901 1048 973 1123 quid
1001 1050 1041 1108 sit
1068 1049 1187 1122 ulcisci,
1214 1047 1286 1123 quid
1329 1072 1333 1092 τ

270 1155 382 1212 poenas
410 1138 562 1212 recepisse.
613 1154 651 1194 an
680 1140 821 1212 putamus
849 1156 916 1195 eum
946 1156 1006 1196 non
1039 1137 1192 1196 adflictum
1223 1155 1286 1196 esse

270 1219 428 1285 tormentis
451 1226 553 1300 animi,
576 1225 656 1301 quod
678 1225 766 1284 illum
788 1227 897 1301 ipsum,
919 1245 956 1284 ne
980 1227 1145 1285 mercedem
1168 1227 1286 1284 sceleris

271 1311 399 1390 caperet,
422 1315 534 1373 femina
555 1311 778 1390 praevenisset?
815 1317 877 1373 iam
899 1315 983 1373 venit
1005 1315 1044 1373 ad
1066 1333 1186 1374 oausam
1209 1317 1286 1390 quae

230 1427 256 1465 1o
271 1423 337 1462 eam
366 1403 481 1480 decepit
508 1407 549 1462 et
564 1404 642 1462 hano
668 1423 750 1464 more
781 1404 906 1462 humani
937 1405 1052 1482 ingenii
1078 1421 1137 1462 non
1169 1404 1286 1462 actibus
1398 1390 1402 1400 ’

270 1494 332 1552 suis
354 1492 488 1568 inputat,
512 1492 563 1551 sed
585 1494 737 1552 fortunae:
764 1494 849 1567 felia,
872 1494 928 1552 beu
949 1495 1074 1552 nimium
1095 1493 1179 1564 felix,
1201 1495 1230 1552 si
1251 1493 1286 1551 li·

270 1586 334 1639 lora
353 1586 467 1640 tactam
484 1582 840 1655 nunquambardansae
855 1575 1016 1656 tetipissent
1033 1585 1134 1640 nosira
1156 1583 1285 1640 carinae.

270 1669 400 1744 duraret,
422 1670 530 1745 inquit,
554 1671 646 1729 etiam
669 1689 751 1729 nunc·
768 1673 952 1746 prosperitas
975 1674 1087 1744 nostra,
1106 1670 1132 1728 si
1150 1669 1206 1729 fati
1225 1672 1286 1728 mei

269 1751 340 1818 sors
361 1759 558 1818 Troianorum
590 1778 651 1818 non
681 1760 860 1818 incurrisset·
887 1759 1049 1818 adventum
1081 1765 1111 1818 et
1140 1761 1167 1818 si
1194 1759 1285 1819 litora

228 1869 254 1908 15
269 1850 388 1905 tantum
419 1866 583 1922 numquam
600 1847 784 1907 Dardaniae
817 1850 987 1926 tetigissent
1023 1853 1126 1907 nostra
1157 1849 1284 1906 carinae.

269 1936 344 1994 dixit
367 1940 392 1994 et
414 1954 445 1994 os
467 1938 603 2010 inpressa
625 1941 686 1996 toro
709 1939 867 1995 moriermr
888 1936 1008 2006 inultae,
1030 1937 1081 1995 scd
1102 1939 1275 2006 moriam,
1286 1941 1338 1991 660

269 2027 321 2092 ait,
345 2027 394 2093 stc,
418 2027 459 2084 stc
481 2027 565 2084 iuvat
586 2027 629 2084 tre
647 2026 700 2084 sub
719 2027 854 2084 umbras:
876 2029 946 2100 post
963 2028 1157 2100 transactam,
1174 2028 1284 2101 inquit,

269 2113 398 2172 feliciter
421 2116 529 2189 vitam,
557 2118 626 2191 post
649 2117 796 2174 statutam
818 2114 935 2189 urbem,
958 2117 1028 2191 post
1050 2134 1160 2191 poenas
1182 2133 1284 2191 repor-

268 2206 350 2263 tatas
374 2223 408 2262 cx
431 2204 524 2263 fratre
549 2204 630 2263 solus
654 2204 739 2263 dolor
762 2204 911 2280 estoquod
932 2224 980 2263 me
1002 2204 1035 2262 in
1057 2206 1207 2279 praesenti
1235 2205 1284 2264 de·

226 2314 253 2353 so
268 2292 388 2352 feudare
407 2313 467 2352 non
484 2295 579 2369 potui.
614 2293 726 2369 plurali
744 2312 866 2353 numero
885 2293 960 2352 dixit
977 2294 1139 2353 moriemur
1160 2294 1284 2369 inultae,

268 2382 319 2441 vel
346 2384 417 2458 quia
444 2400 511 2441 cum
538 2383 671 2442 vestibus
698 2382 747 2441 vel
776 2380 848 2458 quia
875 2385 967 2441 etiam
994 2401 1062 2441 cum
1089 2384 1146 2441 soli
1168 2382 1284 2458 aliquid

268 2469 386 2529 faciunt
400 2475 453 2530 aut
471 2471 582 2546 dicunt,
595 2472 744 2547 pluralem
763 2471 860 2530 solent
878 2472 936 2529 sibi
953 2469 1109 2530 numerium
1123 2471 1282 2531 vindicare.

268 2559 329 2617 fixa
352 2578 421 2637 crgo
445 2560 520 2619 facie
542 2560 575 2619 in
597 2562 711 2635 torum,
737 2562 821 2619 cuius
844 2560 940 2620 adhuc
962 2560 1082 2619 adfectu
1106 2564 1196 2619 etiam
1220 2580 1282 2619 mo·

268 2650 367 2708 ritura
393 2650 562 2723 tenebatur,
591 2649 667 2709 dixit
695 2649 813 2710 etiamsi
839 2651 952 2708 inultae
984 2652 1142 2722 morimur,
1173 2652 1282 2725 tamen,

222 2738 412 2813 aequoniam
439 2738 495 2797 hoo
522 2738 653 2814 expedit,
681 2740 858 2814 moriamur3
894 2741 949 2812 sic,
976 2738 1018 2797 sio
1045 2741 1131 2797 iuvat
1157 2738 1201 2797 ire
1228 2738 1282 2797 sub
1326 2762 1329 2768 ²

267 2827 402 2886 umbras:
430 2828 536 2887 melius
560 2831 617 2904 est,
640 2830 752 2903 inquit,
775 2828 903 2886 inultam
925 2830 1003 2886 mori
1026 2847 1117 2903 quam
1138 2827 1284 2887 ultionem

268 2934 411 2991 quaerere
433 2935 511 2991 quae
533 2918 690 2991 provenire
713 2936 774 2975 non
792 2917 887 2992 possit
905 2919 935 2975 et
952 2915 1147 2975 deterioribus
1166 2917 1282 2975 casibus

343 3109 356 3154 1
381 3110 420 3157 est
441 3106 507 3171 post
529 3107 638 3157 rirortem
661 3102 863 3172 transposed.
955 3108 1028 3156 lan
1046 3102 1099 3156 LR
1117 3110 1167 3157 aet
1185 3103 1227 3157 ed.

268 3179 303 3227 10
322 3174 394 3227 barac
411 3174 463 3226 th
480 3176 529 3229 boc
547 3174 613 3227 edb'.
701 3180 734 3227 13
752 3174 808 3242 fati
827 3173 880 3227 La
896 3174 966 3239 facti
983 3174 1026 3227 ed.
1114 3180 1147 3227 16
1165 3175 1213 3229 bos
1230 3183 1281 3243 pro

266 3263 298 3300 os
312 3244 342 3298 L.
435 3250 468 3297 19
486 3247 543 3301 solo
561 3245 614 3299 LR
631 3246 706 3299 solus
723 3262 738 3297 r
756 3245 799 3298 ed.
890 3250 923 3298 21
942 3246 984 3298 vel
1001 3246 1069 3313 quia
1087 3263 1148 3299 cum
1165 3246 1282 3300 vestibus

266 3317 352 3371 etiam
370 3315 423 3368 LR
445 3318 485 3370 vel
509 3333 561 3370 om.
577 3316 634 3384 edy,
659 3316 709 3370 sed
732 3315 852 3369 altanum
874 3316 970 3385 potius
992 3317 1033 3370 vel
1056 3318 1123 3384 qaia
1146 3316 1281 3371 excidisse

265 3390 349 3456 patet
368 3387 499 3456 (alterum
517 3389 558 3441 oet
576 3388 634 3441 iam
651 3406 667 3441 r
684 3386 821 3456 inseruit).
909 3392 942 3440 22
958 3388 1096 3457 pluralem
1115 3387 1167 3439 aa
1180 3388 1221 3457 pl.
1239 3404 1281 3441 so·

266 3456 329 3513 aar
346 3458 371 3510 r'
396 3460 483 3512 select
505 3461 570 3528 post
591 3460 733 3513 vindicare
757 3458 822 3511 add.
838 3459 880 3512 ed.
972 3464 1005 3511 23
1024 3458 1096 3523 facie
1115 3458 1166 3510 LR
1183 3459 1204 3525 f.
1223 3464 1282 3512 erat

266 3530 311 3583 ed.
334 3529 339 3599 Ι
363 3532 395 3583 in
413 3535 502 3584 torum
522 3530 542 3582 L
566 3530 597 3583 ia
615 3536 674 3584 toro
692 3530 724 3583 R.
786 3546 788 3549 ⁴
817 3534 851 3583 24
869 3530 995 3584 tenebant
1013 3529 1038 3581 R
1061 3545 1129 3582 corr.
1148 3546 1210 3581 r=
1223 3528 1254 3583 L.
1275 3528 1279 3600 Ι

265 3603 292 3655 si
312 3616 365 3653 om.
381 3600 423 3654 ed.
516 3606 549 3654 26
568 3602 686 3655 inultam
710 3602 738 3671 (a
758 3616 893 3670 superscr.
911 3600 925 3653 I
942 3602 1027 3669 man.)
1046 3598 1068 3651 L
1091 3601 1123 3652 in
1140 3599 1239 3653 altimo
1256 3600 1282 3653 R

266 3688 337 3725 corr.
356 3671 454 3724 r=L
475 3689 515 3725 rae
533 3673 652 3727 inultam
670 3672 713 3725 ed.
805 3674 942 3739 aspersit
959 3670 1012 3724 La
1030 3688 1060 3740 p.
1080 3677 1137 3725 etr
1155 3671 1198 3723 ed.
1217 3686 1280 3726 nos:

266 3744 296 3797 in
316 3742 445 3811 margine
464 3742 551 3796 aliam
568 3742 708 3797 medelam
724 3742 874 3811 proposuit
886 3742 907 3795 r'
923 3741 961 3795 ad
974 3759 1102 3811 emerere
1120 3741 1281 3795 adscribens

267 3812 331 3882 „vel
349 3814 531 3882 quaerendo‘,
550 3829 623 3882 quae
641 3814 665 3867 ai
683 3812 776 3883 magis
790 3814 905 3883 placeat
916 3813 971 3881 via,
986 3819 1158 3882 quaerelam
1174 3812 1286 3866 malim.
