3250 4350
631 445 633 448 ’
710 430 894 485 AENEIDOS
911 431 938 484 Π
1270 431 1332 495 197

316 602 410 675 periit
442 602 525 659 ouius
557 601 717 674 imperium
748 619 802 675 per
835 618 928 658 annos
957 599 1226 659 infinitosfloruit.
1272 600 1335 658 ruit

316 691 457 765 antiqua:
494 690 652 764 antiquum
677 688 778 748 nobile
806 692 849 747 et.
864 690 988 747 maximi
1014 689 1114 747 meriti
1140 692 1333 764 reterospo-

314 783 454 853 suenmt3
485 778 562 836 nihil
585 780 663 836 enim
687 781 874 852 potestesse
900 777 1073 836 diuturnum
1100 777 1159 836 nisi
1188 777 1280 853 quod¹
1294 780 1335 836 sit

315 867 436 925 firmum
469 871 500 926 et
531 867 655 944 dignum
688 865 767 942 quod
799 866 907 930 debeat
937 867 1029 926 etiam
1067 867 1176 924 futuris
1194 867 1334 925 'sacculis

290 958 474 1016 oreservari.
525 947 596 1014 huic
627 957 722 1032 igitur
743 955 907 1015 nobilitati
938 957 1056 1031 patriae
1088 973 1158 1014 suae
1191 959 1335 1034 conparat

316 1050 436 1121 tempus
465 1064 523 1121 quo
551 1045 619 1119 ipsa
646 1062 713 1102 cum
742 1044 856 1104 civibus
879 1047 970 1120 atque
992 1045 1131 1104 universo
1153 1046 1280 1119 imperio
1304 1050 1335 1103 et

316 1134 424 1210 opibus
448 1135 510 1192 suis
534 1132 693 1209 absumpta
716 1135 770 1208 est,
792 1134 930 1207 felicitas,
952 1135 1061 1208 inquit,
1083 1135 1238 1192 tantorum
1259 1136 1334 1191 tem-

315 1243 425 1299 porum
452 1223 540 1282 unius
568 1225 663 1281 noctis
692 1223 789 1296 spatio
818 1222 994 1281 adversante
1022 1222 1163 1282 subversa
1190 1224 1249 1296 est,
1275 1223 1335 1280 suit

317 1331 388 1390 ergo
412 1312 504 1370 etiam
527 1310 763 1370 consideratione
786 1313 930 1387 temporis
953 1311 1046 1371 dolor.
1085 1330 1153 1371 cum
1171 1311 1251 1369 onim
1268 1330 1335 1388 per·
1377 1323 1383 1330 ·

273 1401 383 1460 rodite
406 1403 602 1478 gemerentua
627 1418 702 1476 quae
725 1401 865 1459 inimicae
888 1402 984 1459 noctis
1002 1402 1091 1460 unius
1111 1402 1268 1478 angustiae
1286 1418 1335 1457 ex-

317 1491 402 1568 clusa
433 1489 594 1549 latitudine
620 1490 789 1566 longaevae
821 1489 975 1548 felicitatis
1007 1492 1189 1564 exciverant,
1225 1489 1335 1548 adiecit

316 1577 503 1653 miseranda,
526 1596 654 1653 quorum
677 1578 738 1638 alia
761 1578 971 1655 significabant
992 1578 1205 1656 indignitatem
1226 1598 1335 1652 rerum,

318 1669 380 1726 alia
403 1666 622 1728 ,crudelitatem
653 1668 798 1741 hostium,
831 1670 981 1742 postremo
1014 1667 1074 1726 alia
1103 1687 1179 1742 quae
1205 1667 1237 1724 in
1265 1666 1334 1726 deos

318 1776 439 1834 quoque
454 1755 585 1816 admissa
599 1756 757 1834 sacrilegia
774 1759 964 1816 testarentur.
994 1757 1160 1833 indignitas
1178 1757 1238 1815 fuit
1256 1755 1335 1831 quod

277 1869 302 1906 rs
316 1846 547 1905 interfectorum
574 1864 697 1921 corpora
725 1846 921 1921 oppleverant
947 1847 1013 1904 vias
1041 1838 1133 1926 (quae
1161 1845 1250 1904 aliter
1275 1846 1336 1903 vici

317 1926 525 2014 appellantur)
554 1937 584 1992 et
611 1937 715 1993 contra
743 1953 831 1993 suum
859 1936 948 1993 decus
975 1953 1035 1993 non
1062 1938 1234 1993 meruerant
1255 1934 1335 1991 bunc

317 2027 434 2081 exitum
457 2023 615 2098 talemque·
626 2023 731 2083 mortis
751 2042 852 2083 casum
871 2023 979 2097 subire,
998 2042 1065 2082 cum
1085 2023 1231 2082 caderent.
1269 2040 1335 2081 ecoe

318 2112 404 2172 aliud
436 2114 603 2187 exequitur,
636 2112 716 2188 quod
747 2115 867 2188 praeter
899 2114 973 2172 civis
1002 2111 1152 2172 adfectum
1180 2114 1271 2170 etiam
1299 2111 1334 2169 de

317 2204 512 2277 contemptis
526 2201 699 2261 numinibus
724 2201 806 2261 dolet
829 2205 935 2278 utpote
957 2201 1081 2261 deorum
1104 2204 1228 2261 antistes
1251 2220 1335 2277 prae-

281 2313 304 2351 co
319 2293 419 2358 clarus
444 2294 475 2349 et
497 2290 605 2349 cultor:
638 2311 749 2366 perque
772 2291 890 2365 domos,
913 2293 1026 2367 inquit,
1053 2293 1084 2349 et
1105 2292 1246 2369 religiosa
1268 2290 1336 2349 deo·

317 2402 386 2439 rum
414 2380 534 2453 limina,
566 2384 600 2438 ut
630 2400 691 2439 non
718 2383 847 2439 tantum.
865 2380 925 2439 vici
950 2399 1054 2439 verum
1081 2381 1173 2439 etiam
1199 2382 1335 2456 privatae

317 2470 439 2542 domus,
460 2468 574 2543 templa
597 2488 714 2545 quoque
736 2469 876 2528 humanis
899 2469 1070 2545 corporibus
1092 2469 1182 2544 plena
1209 2462 1335 2546 [essent]

317 2563 348 2617 et
372 2572 528 2617 caesorum
549 2558 703 2617 hominum
726 2560 872 2635 sanguine
894 2557 1102 2617 redundarent.
1145 2560 1265 2615 tantum
1287 2556 1336 2613 hic

320 2646 448 2721 addidit,
466 2651 501 2704 ut
518 2647 673 2707 relationis
691 2647 838 2706 invidiam
858 2646 1008 2724 gradatim
1026 2648 1137 2705 faceret
1160 2646 1335 2723 graviorem.

283 2757 305 2796 is
321 2736 397 2811 quid
424 2737 501 2793 enim
531 2735 661 2795 deterius
685 2735 744 2794 dici
766 2735 867 2810 potuit
890 2736 1031 2795 accidisse
1055 2755 1145 2810 quam
1166 2735 1220 2793 illo
1242 2752 1336 2809 usque

320 2826 521 2883 Troianorum
544 2825 623 2884 mala
646 2826 736 2883 fuisse
755 2844 922 2903 progressa,
945 2827 980 2883 ut
1002 2825 1135 2884 homines
1155 2825 1206 2898 qui
1223 2824 1335 2881 hostia-

317 2934 388 2977 rum
416 2916 561 2990 sanguine
588 2915 708 2988 placare
734 2917 951 2972 consueverant
973 2914 1043 2972 deos
1066 2915 1119 2972 hos
1142 2931 1246 2972 cruore
1268 2931 1336 2987 pro-

279 3019 281 3023 ‘
315 3004 385 3079 prio
413 2999 620 3061 funestarent?
664 3004 712 3061 ita·
736 3004 769 3060 in
791 3023 884 3061 unum
908 3003 1061 3080 colligitur
1084 3003 1215 3061 omnium
1237 3001 1335 3059 infeli·

316 3094 409 3165 citas,
441 3095 476 3149 ut
506 3091 619 3166 periret
644 3093 741 3167 primo
770 3093 870 3167 patria
897 3110 965 3150 cum
991 3110 1084 3169 regno
1112 3094 1201 3166 atque
1229 3089 1337 3165 opibus

279 3203 303 3241 so
317 3182 396 3254 suis,
424 3170 502 3239 cives
531 3180 609 3239 caesi
631 3182 763 3242 iacerent
786 3182 816 3238 in
840 3180 960 3257 publico
985 3184 1038 3238 aut
1059 3182 1093 3237 in
1116 3180 1251 3239 domibus
1275 3181 1336 3238 suis

318 3272 475 3329 aut-certe
497 3271 530 3327 in
546 3270 673 3344 templis
696 3268 750 3328 sub
773 3270 895 3328 deorum
914 3271 1005 3329 occisi
1023 3270 1228 3344 conspectibus
1247 3268 1335 3325 nibil·

319 3378 378 3434 que
407 3360 469 3415 iam
496 3358 605 3434 reliqui
632 3359 711 3417 foret
739 3358 820 3433 quod
842 3360 905 3418 sine
928 3378 1037 3437 magno
1060 3359 1144 3417 luctu
1167 3356 1261 3416 videri
1283 3376 1334 3432 po·

317 3449 434 3506 tuisset.
480 3464 532 3505 nco
558 3448 614 3505 soli
634 3465 748 3520 poenos
775 3449 848 3506 dont
874 3450 1018 3522 scapulae
1043 3448 1147 3506 Teucri
1189 3445 1334 3518 quondam

392 3600 459 3652 lia
478 3600 580 3653 consid.
600 3599 642 3652 ed.
700 3603 732 3651 10
752 3601 899 3669 anqusltoe
912 3598 965 3652 Lll
983 3599 1120 3669 aspicitis
1139 3597 1181 3650 ed.
1238 3603 1270 3648 11
1290 3612 1335 3649 ecc-

318 3674 444 3726 cioerant
461 3668 515 3723 Lll
533 3670 691 3724 ecciderunt
708 3670 751 3723 ed.
771 3677 905 3724 exuerant
921 3688 943 3723 r.
1045 3674 1078 3720 14
1096 3668 1229 3738 socrilcpa
1247 3685 1268 3719 r.

320 3748 352 3797 18
372 3741 455 3797 aliud
472 3758 526 3797 om.
542 3741 584 3795 ed.
654 3746 689 3793 20
708 3741 771 3795 deos
789 3740 842 3794 LR
860 3740 903 3795 ed.
923 3742 1016 3795 domm
1033 3757 1055 3804 r,
1074 3740 1151 3806 quod
1168 3738 1336 3807 interpreta-

317 3814 397 3868 tione
411 3812 550 3874 *sumatur
566 3865 569 3870 ,
588 3859 593 3869 .
625 3817 658 3865 22
673 3812 759 3881 pleno
777 3811 830 3865 LR
849 3811 892 3865 ed.
911 3819 997 3867 essent
1015 3810 1122 3864 addidi.
