3250 4350
658 434 852 491 lumbos
869 436 884 490 I
1221 436 1284 501 103

263 607 410 682 petebant
432 625 493 665 non
516 607 667 664 cohaeret:
690 624 761 664 nam
784 624 870 665 orare
893 610 939 665 est
962 625 1012 665 ore
1036 605 1151 681 aliquid
1170 607 1285 682 suppli-

263 698 343 754 citer
369 695 535 771 postulare,
563 697 691 754 clamore
718 698 820 771 petere
844 714 912 755 cum
934 696 1063 771 strepitu
1084 696 1284 755 inverecundo

263 804 354 845 voees
387 785 482 843 claras
515 785 659 843 emittere.
711 802 817 844 causes
848 785 944 863 igitur
975 784 1121 843 adventus
1152 787 1285 861 ipsorum

264 875 340 932 lieet
361 876 486 948 uterque
510 873 650 947 nesciret,
679 874 866 932 coniciebant
887 876 989 933 tamen
1012 875 1203 949 exipsorum
1226 875 1286 932 cla-

234 964 401 1024 amoribus
428 981 539 1039 magna
566 980 616 1021 eos
643 964 744 1041 urgeri
770 964 962 1035 necessitate,
989 965 1116 1021 utente
1140 963 1285 1023 clamosas

264 1070 356 1112 voces
380 1051 564 1110 effimderent
587 1071 677 1127 quam
699 1051 847 1111 Didonem
874 1054 972 1127 ipsam
994 1051 1095 1111 videre
1118 1051 1286 1127 potuissent

264 1144 299 1200 et
321 1160 436 1218 rogare.
477 1141 628 1199 clamandi
651 1159 757 1200 causas
780 1142 874 1199 fuisse
896 1143 1002 1215 iustae,
1025 1160 1086 1200 non
1109 1140 1286 1199 seditionem

263 1234 333 1306 ipse
355 1229 508 1306 Vergilius
532 1229 646 1304 docuit3
669 1249 739 1288 nam
762 1230 841 1288 Dido
864 1232 945 1290 intus
969 1231 1036 1305 fuit,
1060 1229 1193 1289 officium
1215 1248 1286 1288 vero

263 1320 355 1378 foris:
379 1337 446 1378 cum
468 1319 568 1378 nullus
591 1320 758 1392 nuntiaret,
782 1319 871 1377 aliter
893 1319 932 1377 ad
954 1321 1111 1378 seientiam
1134 1322 1197 1378 eius
1220 1338 1286 1393 per-

222 1410 370 1468 revenire
398 1426 458 1466 non
485 1410 638 1483 poterant,
665 1410 724 1467 nisi
752 1409 936 1468 clamantum
962 1428 1020 1468 vox
1043 1409 1149 1467 fuisset
1172 1408 1286 1467 audita.

337 1496 481 1572 Sequitur
511 1501 669 1569 postquam
700 1493 871 1570 intrepressc'
903 1502 930 1556 ct
960 1515 1058 1557 coram
1090 1498 1162 1556 dato
1193 1499 1340 1571 coptotto

264 1587 368 1659 fandi,
396 1588 543 1644 mactmus
565 1585 702 1645 Ilioneus
723 1587 843 1660 placido
866 1589 908 1645 stc
924 1591 1040 1660 pectore
1063 1589 1160 1660 eoepit.
1206 1588 1286 1644 recte

265 1676 317 1733 hic
344 1677 435 1751 poeta
463 1677 494 1733 et
520 1675 619 1734 locum
646 1677 778 1734 servavit
805 1679 836 1734 et
862 1677 980 1751 tempus
1011 1679 1042 1734 et
1070 1694 1229 1752 personam
1256 1677 1287 1733 et

266 1765 325 1823 hoe
348 1783 455 1841 genere
479 1763 611 1823 ostendit
632 1784 692 1823 non
715 1764 872 1824 seditiosas
896 1783 981 1823 voces
1005 1765 1137 1824 emisisse
1161 1783 1210 1824 eos
1235 1766 1288 1840 qui

224 1873 252 1913 rs
268 1854 418 1929 supplices
446 1856 598 1912 venerant.
644 1853 827 1928 clamabant,
854 1855 966 1929 inquit,
995 1873 1062 1912 cum
1085 1856 1183 1912 essent
1204 1853 1287 1926 foris,

266 1943 320 2001 sed
348 1944 510 2018 postquam
536 1943 711 2020 introgressi
737 1945 807 2002 sunt
835 1946 865 2002 et
892 1946 1010 2017 tempus
1037 1942 1180 2018 loquendi
1204 1961 1287 2001 occa-

267 2034 386 2090 sionem
409 2031 500 2105 dedit,
523 2032 606 2090 loeus
629 2051 699 2091 vero
722 2031 863 2090 fiduciam
886 2031 994 2090 tribuit
1016 2049 1071 2090 nec
1093 2032 1196 2091 deerat
1221 2051 1286 2105 per·

267 2139 345 2180 sona
378 2138 453 2195 quae
485 2122 642 2199 rogaretm·
675 2138 709 2180 ao
740 2121 895 2197 postulata
929 2123 1109 2197 praestaret,
1146 2119 1288 2197 loquendi

267 2210 401 2283 modum,
424 2211 473 2268 vel
495 2210 623 2268 maxime
645 2204 813 2286 intemplo
838 2212 869 2268 et
891 2211 971 2286 apud
992 2230 1059 2269 eam
1077 2230 1155 2285 quae
1172 2214 1288 2269 teneret

225 2321 254 2359 ao
269 2318 421 2359 summam
443 2318 550 2373 rerum,
573 2302 753 2375 temperavit
776 2302 828 2375 qui
851 2302 950 2359 fuerat
972 2301 1138 2373 locuturus,
1163 2301 1220 2358 hoe
1243 2303 1288 2358 est

266 2389 410 2447 llioneus.
444 2406 532 2463 quem
555 2407 621 2447 cum
645 2389 718 2448 dicit
741 2388 847 2447 ceteris
870 2389 963 2448 fuisse
985 2388 1147 2463 meliorem,
1171 2389 1288 2447 intelle-

268 2496 341 2555 gere
378 2476 517 2536 debemus
553 2478 651 2552 qualis
684 2478 721 2536 ab
753 2478 820 2553 ipso
853 2496 948 2536 sermo
980 2479 1109 2553 proferri
1145 2476 1288 2535 debuerit.

268 2566 401 2642 placido,
423 2568 531 2641 inquit,
554 2568 597 2625 sic
619 2569 738 2642 pectore
762 2568 868 2642 coepit.
915 2566 988 2625 foris
1010 2565 1191 2625 clamoribus
1220 2584 1288 2644 ege-

269 2655 375 2730 batur‚
405 2655 459 2713 ubi
486 2655 652 2732 negabatur
679 2674 805 2731 persona
829 2654 969 2730 Didonis3
998 2655 1117 2731 quando
1145 2655 1217 2713 data
1244 2658 1290 2713 est

227 2764 254 2803 ss
269 2744 358 2803 fandi
385 2746 484 2820 copia,
512 2745 544 2801 id
572 2748 616 2804 est
644 2744 763 2820 quando
791 2764 859 2803 cum
883 2748 1039 2819 praesente
1061 2743 1166 2821 regina
1189 2761 1288 2803 coram

270 2833 360 2892 licuit
375 2832 470 2908 loqui,
489 2835 606 2892 mutata
624 2837 694 2893 sunt
713 2836 813 2892 omnia
833 2852 909 2908 quae
922 2833 1096 2892 turbulenta
1110 2832 1290 2892 videbantur

271 2925 303 2981 et
327 2924 472 2981 sermonis
495 2922 654 2997 placiditas
677 2925 799 2999 repente
822 2922 971 2982 suecessit.
1008 2940 1024 2980 o
1047 2925 1159 2996 reptat,
1183 2940 1290 2980 uocem

270 3013 321 3069 cut
343 3012 465 3070 eandm
487 3012 623 3084 Iuppiter
644 3013 746 3069 corbem
767 3013 937 3083 iustitioque
959 3011 1039 3070 dedit
1058 3013 1153 3085 pontis
1169 3012 1290 3083 frenare

271 3100 429 3174 superbas:
447 3118 557 3177 magna
576 3099 692 3159 dicendi
711 3104 775 3159 arte
793 3100 893 3159 locum
910 3101 1003 3158 istum
1020 3103 1111 3176 poeta
1129 3101 1289 3176 conplexus

228 3211 256 3250 so
271 3192 331 3263 est,
359 3190 491 3264 primum
518 3191 651 3248 omnium
677 3192 712 3247 ut
738 3190 888 3264 principia
914 3191 980 3264 ipsa
1008 3190 1119 3248 artiore
1141 3188 1290 3248 brevitate

271 3277 459 3355 succingeret
477 3280 626 3337 ettamen
644 3279 776 3353 plurima
794 3280 962 3337 necessarie
981 3278 1175 3352 continerent,
1193 3280 1290 3354 primo

270 3385 433 3444 personam
460 3366 585 3427 Didonis
612 3367 762 3441 laudaret,
795 3367 937 3426 subtilem
965 3367 1204 3446 obiurgationem
1231 3386 1291 3425 non

345 3543 362 3590 2
381 3538 498 3591 clamore
512 3538 640 3606 petebant
653 3535 705 3589 LR
719 3536 762 3591 ed.
778 3538 897 3592 clamare
916 3536 976 3589 sine
991 3538 1121 3605 petebant
1133 3533 1155 3589 r'
1175 3536 1291 3590 clamore

266 3616 438 3679 paterenos.
492 3613 510 3661 γ3
529 3610 646 3663 emittere
663 3607 716 3660 LR
733 3609 891 3662 emittebant
907 3607 951 3660 ed.
968 3608 973 3678 Ι
988 3609 1111 3676 ipsorum
1129 3606 1181 3659 LR
1199 3623 1292 3661 eorum

271 3682 317 3736 ed.
375 3685 409 3733 10
428 3680 698 3735 exclamantiroaed.
756 3684 788 3732 12
807 3678 1114 3749 coepitLRfotwred.
1167 3684 1202 3733 m
1219 3678 1303 3733 tecm

270 3768 335 3808 oero
354 3749 408 3804 ult
427 3752 548 3805 tommo
565 3750 606 3802 ed.
680 3755 716 3803 27
732 3755 944 3811 et-oucceseit
964 3771 1020 3811 om.
1038 3753 1084 3810 ed.
1156 3758 1197 3807 bl
1217 3750 1322 3807 aura

264 3838 339 3888 quae
355 3820 394 3869 ed.
417 3822 431 3884 l
453 3821 623 3875 remitterent
637 3820 682 3875 Lr
698 3823 743 3879 ed.
764 3828 924 3886 contineret
942 3829 982 3887 R,
