3250 4350
700 401 883 458 AENEIDOS
902 403 941 457 VI
965 447 970 452 .
1266 402 1334 468 565

315 572 435 630 calcare
457 570 538 630 Dido
567 573 685 630 errabat
710 573 788 631 silea
814 574 848 631 e‘d
874 589 999 646 mappa:
1030 589 1146 645 recens,
1179 573 1335 648 quianon

315 661 411 718 multo
436 663 505 719 ante
528 661 671 736 perierat,
700 665 731 720 et
753 680 859 737 aspera
886 663 955 737 post
981 677 1082 719 recens
1105 661 1231 735 vulnus3
1252 661 1335 720 infra

316 751 408 808 enim
424 749 557 808 dicturus
588 753 633 808 est
655 752 745 826 poeta
768 769 835 808 eam
858 768 912 810 nec
935 750 1035 808 videre
1058 749 1181 809 Aenean
1204 749 1334 810 voluisse

316 856 370 895 nec
394 857 461 896 cum
484 857 518 897 eo
542 838 651 897 habere
674 840 875 915 conloquium.
900 841 1093 912 -cpacoitpae
1115 840 1172 912 per
1198 840 1335 898 umbem

286 929 487 986 eubecaram:
518 946 586 985 oum
613 926 687 986 dicit
716 926 854 986 umbram
881 927 1052 1003 obscuram,
1084 927 1190 986 habuit
1218 927 1335 1003 aliquid

316 1017 452 1089 luminis3
482 1017 538 1074 hoc
561 1018 607 1075 est
634 1016 714 1075 enim
742 1015 899 1076 obscurum
928 1018 1007 1092 quod
1035 1017 1174 1076 ostendat
1201 1017 1335 1091 aliquam

316 1105 426 1179 lucem,
463 1105 516 1164 sed
548 1107 578 1163 et
609 1107 739 1164 maxima
776 1108 863 1182 parte
898 1108 1007 1166 mixtas
1024 1143 1026 1149 ·
1043 1105 1155 1164 habeat
1189 1105 1335 1164 tenebras.

316 1195 432 1268 qualem
454 1197 549 1267 primo
572 1196 625 1269 qai
642 1211 761 1269 sarpere
778 1213 875 1254 mense
894 1199 947 1254 aad
963 1196 1040 1254 videl
1058 1198 1111 1254 aar
1127 1195 1235 1253 cidisse
1247 1197 1338 1267 putat

311 1286 369 1356 per
382 1283 487 1342 patilo
505 1282 623 1341 lacem:
642 1282 684 1342 sic
697 1283 824 1359 parebat
841 1283 920 1344 Dido
939 1286 972 1342 in
989 1284 1044 1342 illa
1063 1282 1246 1342 obscuritate
1264 1301 1336 1359 quo-

270 1393 303 1433 ro
316 1372 405 1431 modo
428 1371 575 1447 incipiens
598 1371 671 1430 luna
699 1370 802 1432 nubilo
831 1374 913 1432 caelo
937 1372 1120 1449 conspicitur
1146 1373 1268 1431 tantum
1290 1373 1335 1430 iu·

316 1464 408 1536 certa,
431 1463 465 1519 ut
482 1460 560 1520 hano
578 1463 675 1520 visam
693 1481 754 1521 non
771 1461 868 1538 possit
887 1461 1175 1521 esse'certissimnm.
1212 1463 1386 1521 dimisittoc

316 1551 457 1609 lacrimas
480 1551 615 1623 dulcique
642 1552 764 1625 adfalaa
791 1567 890 1610 mucre
918 1555 974 1609 eat:
1002 1568 1071 1608 mox
1098 1553 1134 1609 ut
1161 1569 1226 1609 earn
1250 1549 1336 1625 vidit,

317 1637 433 1698 dimisit
446 1638 595 1713 lacrimas,
608 1641 664 1698 hoc
679 1642 724 1697 est
737 1658 798 1698 non
809 1639 964 1716 ,cogitavit
982 1639 1059 1698 flere.
1092 1639 1145 1698 aed
1163 1659 1231 1698 mox
1249 1639 1336 1698 lacri-

316 1745 381 1786 mas
405 1727 498 1802 fudit3
520 1730 584 1803 ipse
609 1731 654 1786 est
676 1728 755 1786 enim
779 1727 866 1786 dolor
884 1747 970 1787 verus
990 1729 1042 1804 qui
1060 1728 1231 1805 repentinos
1250 1728 1336 1787 fletus

270 1838 301 1877 rc
317 1835 378 1874 non
407 1818 526 1875 coactus
554 1816 693 1875 excludit.
738 1816 851 1876 institit
878 1818 972 1895 igitur
1000 1836 1067 1876 cum
1091 1837 1140 1892 ea,
1163 1837 1262 1892 ⁴quam
1286 1819 1336 1875 vix

318 1907 492 1981 agnoverat,
509 1906 607 1982 loqui3
630 1905 687 1964 hoc
705 1907 785 1964 enirn
802 1908 952 1965 manentis
970 1908 1003 1964 in
1021 1908 1087 1982 ipso
1107 1906 1205 1964 adhuc
1227 1907 1336 1964 amoris

319 1993 507 2070 conpellebat
539 1995 683 2054 adiectus.
737 1996 844 2068 defelic
869 1995 963 2063 Dido,
995 2012 1082 2053 odas
1112 1996 1185 2053 mibi
1215 1997 1337 2053 nuptiae

319 2101 387 2157 erpo
417 2087 537 2142 cederat
565 2086 719 2143 extinctam
748 2086 884 2159 ferroque
913 2088 1040 2143 ectrem
1070 2087 1213 2143 secatam:
1244 2083 1336 2142 dictio

319 2175 380 2232 ista
402 2174 480 2232 mira
503 2177 568 2232 arte
592 2175 735 2250 concepta
759 2176 803 2233 est
827 2178 937 2251 et-pro
964 2191 1161 2250 personarum
1184 2177 1214 2232 et
1237 2192 1337 2232 causa·

274 2282 306 2324 ao
320 2282 388 2320 rum
416 2265 533 2321 ratione
561 2263 724 2339 conposita.
771 2262 898 2322 Didonis
927 2264 988 2321 fuit
1016 2281 1121 2339 aspera
1148 2266 1271 2339 propter
1292 2280 1338 2320 re-

320 2355 436 2411 centem
468 2352 543 2410 iaoti
575 2370 709 2427 causam3
740 2343 812 2410 nam
842 2371 902 2411 nou
932 2353 1028 2411 multo
1059 2355 1128 2410 ante
1155 2352 1261 2411 relicta
1293 2355 1339 2410 eet

317 2459 431 2500 amans.
477 2440 566 2500 huius
589 2444 633 2500 rei
652 2442 764 2515 siquis
783 2442 886 2499 metiri
904 2441 1020 2500 dolores
1039 2441 1177 2514 voluerit,
1201 2439 1338 2499 attendat

317 2532 434 2588 exitum
461 2531 567 2589 mortis
596 2531 672 2603 eius,
705 2530 757 2606 qni
786 2549 847 2589 non
876 2531 1084 2604 interveniret,
1117 2529 1143 2587 si
1171 2529 1227 2587 illa
1255 2532 1338 2605 rupti

317 2620 428 2678 amoris
451 2620 595 2678 iniuriam
617 2618 747 2677 tolerare
769 2620 926 2695 potuisset.
973 2618 1132 2678 accedebat
1158 2617 1230 2692 huo,
1258 2618 1338 2693 quod

272 2728 301 2769 aa
317 2708 465 2766 acerbitas
489 2708 622 2767 vulneris
645 2725 747 2766 reeens
771 2711 801 2767 et
830 2711 968 2784 aspectus
996 2708 1059 2766 eius
1088 2708 1141 2783 qui
1162 2708 1243 2765 tanti
1264 2706 1339 2765 mali

316 2798 418 2855 fuerat
441 2815 532 2855 causa
554 2797 667 2856 doloris
689 2798 786 2873 ipsius
810 2798 968 2857 saevitiam
991 2795 1173 2871 duplicabat.
1218 2795 1339 2854 Aeneae

316 2904 388 2946 vero
412 2903 540 2961 persona
564 2884 703 2961 depressa
725 2887 758 2943 in
782 2886 932 2960 omnibus,
960 2888 992 2943 in
1020 2904 1080 2961 qua
1106 2887 1209 2944 tantus
1237 2887 1338 2943 reatus

317 2974 449 3045 extabat,
473 2976 507 3032 ut
526 2976 590 3050 ipse
610 2994 640 3034 se
659 2977 835 3051 agnosceret
853 2993 937 3032 reum
955 2976 986 3032 et
1004 2973 1041 3032 de
1059 2973 1140 3032 facto
1158 2975 1339 3053 purgatione

317 3064 498 3138 interposita
527 3064 682 3123 fateretur.
733 3066 905 3121 mutaverat
935 3063 1014 3120 euim
1041 3061 1131 3122 fidem
1158 3066 1262 3121 contra
1284 3062 1339 3120 Di-

390 3285 507 3339 tmalte‘
524 3283 551 3338 V
569 3301 639 3340 corr.
659 3285 702 3339 ed.
784 3287 963 3341 tatemerem
985 3286 1015 3339 in
1037 3286 1170 3340 lemmate
1187 3284 1232 3338 bis
1250 3283 1284 3338 V.

317 3362 333 3409 9
350 3357 469 3425 parebat
482 3353 509 3409 V
521 3357 674 3425 apparebat
688 3355 731 3411 ed.
789 3360 824 3410 10
837 3364 945 3412 tantam
959 3356 985 3410 V
998 3362 1090 3411 tamea
1104 3357 1146 3410 ed.
1203 3362 1236 3409 11
1251 3357 1340 3410 ciram

316 3444 371 3483 ecee
390 3425 455 3496 adl
467 3426 581 3483 *demisit
598 3426 627 3481 in
641 3428 775 3483 lemmate
794 3428 910 3484 dimisit·
919 3428 950 3482 in
963 3428 1079 3496 interpr.
1089 3425 1128 3481 V:
1148 3428 1254 3481 dimisit
1266 3426 1337 3479 Don.

316 3498 422 3569 legisse
445 3500 526 3567 patet
547 3513 582 3553 ex
607 3499 856 3569 inter-pretatione,
880 3499 911 3552 in
935 3514 992 3568 qua
1014 3500 1061 3554 sed
1083 3514 1148 3553 moa
1169 3516 1211 3551 vv.
1231 3502 1284 3551 468
1297 3499 1339 3551 *et

316 3575 370 3624 4⁵16
389 3571 509 3641 spectat.
602 3575 635 3624 15
654 3572 757 3626 caeciae
774 3569 801 3625 V
818 3571 942 3626 taetitait
960 3569 1003 3625 ed.
1092 3574 1124 3623 19
1144 3571 1216 3623 mira
1235 3574 1293 3623 arte
1311 3566 1338 3622 V

316 3642 385 3697 mire
402 3648 471 3697 certe
489 3642 533 3695 ed.
606 3645 641 3695 20
659 3642 784 3697 Didonis
799 3643 858 3709 fait
871 3640 1032 3712 Vpersoac
1050 3640 1185 3710 interpos.
1200 3639 1244 3694 ed.
1258 3640 1338 3694 Dido

316 3713 389 3768 caim
408 3710 439 3767 0.
510 3748 512 3754 ι
531 3717 566 3767 28
584 3714 610 3766 oi
627 3712 653 3767 V
670 3714 728 3767 aid
745 3712 788 3768 ed.
808 3742 810 3752 =
881 3717 915 3766 17
935 3728 1084 3782 perronam
1101 3712 1249 3780 depraessa
1266 3710 1300 3765 V.

317 3788 351 3838 28
370 3783 404 3839 de
420 3784 481 3852 sato
500 3782 691 3853 superscripta
708 3802 723 3839 c
740 3784 833 3853 prima
851 3800 939 3838 manu
956 3783 990 3838 V.
1333 3818 1335 3822 -
