3250 4350
665 426 848 482 nummos
862 427 893 480 u
1224 426 1289 492 255

267 597 469 672 recuperabis,
491 615 539 654 res
562 597 666 671 laetas,
690 597 850 671 imperim
874 598 904 655 et
927 596 1084 672 coniugem
1101 598 1216 674 regiam
1232 595 1289 655 hoc

268 690 317 746 est
340 689 544 761 praestantem
567 703 683 762 genere,
706 703 774 744 cum
796 687 899 744 autem
921 685 995 744 dicit
1016 687 1140 762 regiam,
1159 685 1290 745 ostendit

269 778 301 834 et
335 775 467 834 divitem.
513 775 629 833 interea
655 794 693 833 ne
721 775 836 833 incerta
864 774 913 833 rel
946 773 1050 847 dubia,
1081 793 1118 832 ne
1150 774 1290 850 inparata

268 866 448 940 promittere
475 863 639 938 videretur,
669 865 714 922 ait
741 882 818 938 quae
845 863 904 921 tibi
929 865 1073 939 promitto
1098 864 1159 922 iam
1182 868 1289 939 parata

239 957 355 1028 esunt,
383 954 553 1029 praesentia
575 954 630 1012 tua
652 953 819 1013 necessaria
842 955 901 1026 est,
928 956 963 1011 ut
986 951 1023 1009 ad
1046 953 1101 1010 illa
1123 955 1288 1028 pervenias.

269 1044 321 1100 hic
344 1043 375 1100 et
397 1042 540 1117 loquendi
562 1043 641 1101 ratio
664 1041 803 1100 discitur:
830 1060 888 1116 res,
910 1042 964 1116 ait,
985 1041 1084 1100 laetae
1107 1060 1289 1119 regnumque

271 1134 302 1191 et
328 1133 414 1208 regia
441 1133 582 1206 coniunx,
614 1131 716 1206 posuit
742 1132 920 1189 femininum
947 1130 1064 1206 plurale
1091 1134 1122 1189 et
1150 1133 1290 1189 neutrum

271 1220 423 1298 singulare
443 1223 474 1278 et
489 1239 609 1280 rursum
627 1221 805 1278 femininum
824 1220 957 1295 adaeque
971 1219 1122 1297 singulare
1137 1222 1167 1279 et
1182 1222 1288 1280 neutro

270 1310 384 1385 plurali
406 1309 569 1385 respondit,
588 1311 623 1367 ut
645 1310 699 1368 sit:
720 1327 768 1367 res
791 1309 899 1381 laetae,
916 1329 1042 1387 regnum
1066 1312 1096 1367 et
1117 1311 1209 1386 regia
1221 1328 1288 1368 con·

229 1419 256 1460 ro
270 1401 344 1458 iunx
367 1403 475 1474 parata
498 1397 556 1457 tibi
579 1402 657 1458 sunt
704 1400 825 1473 partum
847 1398 897 1457 rel
918 1400 1059 1473 paratum
1084 1398 1290 1474 accipiendum
1368 1435 1371 1442 -

272 1490 319 1547 est
336 1487 385 1545 rel
403 1491 524 1563 partum
541 1487 600 1547 tibi
616 1486 649 1546 id
667 1486 787 1546 esttibi
805 1487 991 1562 adquisitum
1008 1486 1160 1546 laboribus
1176 1486 1289 1546 alienis,

270 1577 302 1635 id
327 1579 428 1635 autem
452 1575 532 1652 quod
553 1577 676 1635 Aenean
698 1577 747 1635 vel
770 1578 900 1635 maxime
923 1594 1040 1654 gemere
1059 1576 1173 1635 sciebat
1190 1578 1290 1636 novis-

271 1668 346 1726 sime
374 1667 489 1741 posuit,
521 1668 556 1724 ut
584 1685 651 1724 eum
679 1683 697 1723 a
724 1665 826 1725 dolore
853 1667 1005 1741 praesenti
1031 1684 1126 1725 novae
1154 1667 1289 1744 coniugis

270 1756 469 1830 promissione
490 1755 718 1828 transduceret‚-
738 1754 819 1830 quod
839 1773 935 1830 usque
958 1755 1032 1813 adeo
1055 1756 1130 1814 artis
1153 1755 1290 1830 plenissi-

231 1863 257 1904 ιε
271 1864 355 1903 mum
387 1843 458 1918 fuit,
495 1846 530 1902 ut
565 1844 629 1902 illic
666 1843 838 1901 adnecteret
873 1862 1031 1918 personam
1068 1862 1153 1902 suam
1189 1844 1289 1902 dicens

271 1935 413 1992 lacrimas
435 1933 555 1992 dilectae
567 1934 646 2006 pelle
666 1932 802 2015 Creusae.
838 1932 896 1991 hoc
914 1936 959 1992 est
979 1932 1075 1990 dicere
1094 1951 1161 1991 cum
1178 1932 1289 1991 habeas
1376 1936 1379 1943 '

272 2023 456 2082 destinatam
477 2023 671 2081 matrimonio
694 2026 757 2096 tuo,
780 2021 869 2080 debes
887 2040 1038 2080 removere
1056 2022 1196 2081 lacrimas
1216 2040 1289 2097 quas

271 2121 319 2170 me
347 2113 472 2188 propter
499 2110 633 2170 effundis.
680 2109 765 2169 addit
792 2129 910 2187 quoque
938 2113 1132 2188 augmentum
1157 2111 1290 2170 consola-

270 2202 364 2260 tionis
392 2220 411 2259 a
438 2203 651 2276 conparatione
679 2200 871 2260 descendens:
902 2218 963 2259 aaa
985 2218 1035 2274 epo
1057 2201 1282 2275 Myrmedonum
1292 2204 1342 2253 '185

233 2291 353 2349 accedes
372 2291 555 2363 Dolopumve
577 2292 719 2363 superbas
742 2291 893 2363 amiciam,
930 2290 1086 2348 ordinatur
1109 2308 1211 2352 sensus
1235 2290 1289 2349 sic:

271 2398 332 2439 uon
351 2397 406 2456 ego
421 2378 643 2454 Myrmidonum
662 2381 692 2438 et
706 2379 857 2454 Dolopum
875 2379 1017 2455 superbas
1036 2378 1120 2438 sedes
1137 2380 1288 2452 aspiciam.

271 2473 325 2527 aut
345 2467 437 2528 &aas
460 2470 599 2527 saritam
616 2469 760 2527 matribus
777 2468 824 2526 ibo
842 2468 1001 2526 Dardanis
1020 2469 1149 2526 ridicae
1171 2468 1289 2526 Verteris

269 2574 377 2626 auras,
398 2557 450 2616 sed
471 2575 517 2616 me
539 2575 649 2631 mappa
677 2558 914 2630 decurrendum
935 2558 980 2615 bis
1003 2557 1109 2615 detinet
1130 2558 1204 2615 oris:
1235 2575 1290 2615 nec

270 2650 315 2721 te,
338 2647 453 2721 inquit,
476 2646 598 2724 frangat
621 2665 707 2705 casus
729 2648 800 2721 iste3
832 2647 864 2704 in
888 2646 1021 2706 adversis
1044 2647 1124 2704 enim
1148 2645 1290 2720 quicquid

233 2753 257 2794 ra
270 2736 415 2795 acciderit
443 2736 522 2810 qued
549 2738 685 2795 saeviora
711 2735 844 2811 depellat
871 2735 1083 2812 gratulandum
1109 2737 1162 2792 est.
1208 2736 1290 2793 tenet

269 2844 318 2883 me
342 2826 440 2882 mater
462 2824 562 2902 deum,
594 2828 696 2883 tenere
727 2827 891 2899 potuerunt
918 2823 1139 2899 Myrmidonum
1171 2825 1202 2881 et
1229 2822 1289 2881 Do·

270 2915 376 2989 lopum
403 2916 526 2971 matres:
562 2914 618 2972 illa
646 2913 683 2971 ad
711 2914 854 2973 honorem
881 2915 1003 2984 retinet,
1030 2913 1101 2970 illae
1130 2914 1291 2988 potuerant
1321 2956 1326 2970 .

270 3006 373 3061 tenere
395 3004 555 3077 captivam.
601 3022 661 3061 non
683 3003 779 3061 feram
802 3004 898 3061 fastus
921 3001 958 3060 dc
980 3002 1123 3061 victoriae
1147 3002 1289 3077 suffragio

271 3092 420 3150 venientis
456 3110 510 3150 nec
546 3091 666 3151 videam
707 3092 790 3150 sedes
827 3091 959 3150 hostium
996 3092 1150 3149 aeternum
1185 3094 1289 3165 captae

345 3250 360 3297 1
381 3244 454 3298 laeta
472 3242 524 3296 La
544 3244 631 3299 laetae
648 3261 663 3296 r
682 3243 724 3296 ed.
746 3244 831 3298 laetas
849 3259 908 3297 nos.
1000 3248 1015 3295 3
1034 3259 1068 3295 ae
1086 3244 1220 3310 inparata
1238 3242 1291 3295 La

270 3316 311 3369 vel
330 3317 348 3369 i.
370 3313 413 3367 ed.
487 3319 503 3368 8
523 3315 645 3383 adaeque
663 3314 716 3367 La
734 3330 787 3367 om.
803 3314 847 3367 ed.
864 3318 868 3380 1
888 3314 1057 3384 siapularem
1075 3312 1127 3366 LR
1145 3332 1172 3366 ra
1191 3330 1252 3382 exp.
1268 3313 1289 3366 L

270 3386 332 3454 ipse
352 3386 392 3440 ri
408 3403 430 3439 r.
514 3390 548 3439 10
562 3391 669 3455 parata
687 3384 739 3438 LR
753 3392 839 3453 porta
857 3403 871 3438 r
890 3383 933 3439 ed.
1017 3389 1049 3437 15
1068 3385 1127 3438 illic
1144 3384 1197 3437 LR
1215 3385 1290 3438 illico

272 3458 314 3511 ed.
391 3460 425 3509 18
439 3462 553 3526 propter
571 3474 612 3512 me
631 3456 674 3511 cd.
747 3461 781 3509 20
799 3473 849 3511 eae
868 3456 894 3508 R
911 3458 950 3510 sir
967 3474 982 3507 r
997 3483 1027 3499 =
1044 3456 1074 3509 L.
1147 3461 1181 3508 22
1200 3458 1291 3525 praeis

271 3528 292 3581 L
311 3545 381 3583 corr.
401 3526 428 3579 11
445 3544 526 3582 man.⁴
579 3533 613 3581 23
632 3545 734 3598 muqaa
753 3545 806 3581 om.
817 3528 870 3590 a}
891 3528 992 3582 deterrit
1011 3527 1032 3578 L
1052 3525 1165 3580 -ucirlt
1184 3543 1252 3579 corr.
1268 3544 1289 3581 r.

325 3606 359 3653 26
376 3606 458 3669 pater
476 3600 569 3654 deeora
588 3599 613 3652 R
632 3614 700 3653 corr.
720 3616 740 3652 r.
840 3604 874 3652 27
890 3605 1042 3667 potuerant
1059 3600 1174 3651 reticere
1192 3596 1235 3651 ed.

272 3676 305 3725 28
325 3678 428 3726 terram
445 3672 523 3737 fatas
540 3670 562 3723 L
586 3675 661 3725 terra
678 3670 770 3737 factus
787 3670 812 3723 R
835 3676 916 3725 terret
933 3670 978 3722 vel
995 3675 1114 3723 terreant
1131 3669 1223 3735 fastus
1241 3667 1289 3720 ad-

271 3742 331 3797 dito
351 3757 457 3811 quaere
473 3743 600 3867 pdferum
621 3742 713 3809 factas
734 3757 793 3796 nos,
825 3744 829 3810 Ι
862 3742 938 3796 de·—
950 3746 982 3793 29
1002 3746 1097 3809 captae
1115 3739 1168 3792 La
1185 3742 1290 3794 temere

270 3818 340 3869 mut.
360 3814 455 3868 locum
511 3849 521 3867 ,ι
543 3831 544 3834 ’
