3250 4350
714 439 897 495 AENEIDOS
914 441 954 495 Vl
1278 441 1345 506 595

325 612 405 684 cate,
436 611 551 685 inquit,
583 611 632 668 vel
660 611 788 668 maxime
816 614 863 684 tu,
891 613 975 669 vates
1003 611 1128 685 optime,
1156 629 1234 687 quae
1261 610 1344 689 regio

323 699 416 757 habet
433 697 593 773 Anchisen,
617 701 684 774 quis
707 697 813 758 locus?
855 701 888 757 in
910 701 1041 776 regionis
1064 698 1144 757 enim
1167 699 1279 758 diffusa
1301 699 1345 757 la-

322 787 454 846 titudine
485 788 614 846 inveniri
647 807 827 864 quemquam
860 789 933 864 quia
965 787 1086 847 difficile
1118 788 1191 862 fuit,
1228 788 1347 848 addidit

325 879 393 952 quis
423 875 515 935 habet
546 876 628 935 locus
661 880 691 936 et
720 880 880 953 utrumque
908 877 1074 950 coniunxit,
1109 876 1180 951 quia
1208 878 1286 936 sicut
1312 878 1346 936 in

288 987 305 1028 a
325 964 486 1024 latitudine
508 965 639 1043 regionis
662 966 760 1024 locum
783 968 918 1025 invenire
942 965 1063 1024 difficile
1082 969 1136 1039 est,
1154 967 1198 1024 ita
1218 966 1345 1025 arduum

324 1058 388 1114 sine
408 1054 613 1131 designatione
630 1055 761 1133 regionis
780 1054 879 1114 locum
896 1056 1095 1114 necessarium
1113 1057 1254 1130 reperire,
1274 1073 1344 1132 ergo

324 1142 450 1202 dicenda
481 1144 564 1220 regio
596 1144 668 1218 fuit,
705 1145 788 1203 cuius
825 1163 895 1220 pars
931 1145 1099 1204 necessaria
1136 1145 1344 1219 quaerebatur.

323 1234 397 1308 quia
428 1251 499 1291 vero
531 1234 631 1308 potuit
663 1233 759 1292 dicere
792 1231 926 1310 Sibyllae
959 1251 1050 1309 quare
1081 1252 1149 1291 eum
1177 1231 1344 1308 quaeritis?

323 1321 370 1381 ait
396 1323 479 1396 prior
501 1322 568 1397 ipsa
590 1323 673 1381 dtr'as
696 1339 762 1397 erpo
785 1325 918 1381 cemimus
940 1327 968 1381 et
988 1338 1109 1396 magnas
1131 1322 1226 1381 Erebi
1247 1326 1344 1380 trans·

272 1433 307 1474 no
323 1411 463 1469 mactmus
486 1412 596 1469 camis:
628 1413 750 1488 propter
772 1411 884 1488 ipsum,
907 1411 1019 1487 inquit,
1044 1413 1192 1485 venimus,
1220 1413 1345 1487 propter

324 1499 426 1575 ipsum
443 1499 667 1559 transmittendi
685 1501 777 1559 Erebi
796 1499 929 1559 laborem
949 1502 1138 1576 suscepimus.
1173 1503 1260 1572 atque
1277 1501 1345 1558 datc

322 1605 497 1662 responsam
523 1592 631 1662 paacts
660 1591 702 1648 tta
729 1589 858 1649 reddidit
883 1591 982 1648 heros:
1016 1589 1093 1648 matti
1120 1593 1198 1648 certa
1226 1590 1344 1648 damas:

324 1677 364 1736 ad
386 1677 473 1735 illam
494 1677 721 1754 inquisitionem
743 1679 799 1737 hoc
821 1679 954 1754 pertinet
976 1697 1036 1753 qua
1059 1677 1173 1736 dictum
1196 1681 1241 1737 est
1266 1696 1343 1754 quae

322 1768 408 1845 regio
439 1766 589 1827 Anchisen
621 1765 733 1826 habet?
783 1769 869 1835 lacis,
902 1768 1014 1844 inquit,
1045 1768 1212 1826 habitamus
1243 1769 1343 1840 opacis

272 1878 304 1920 rs
322 1858 515 1930 riparumque
537 1861 613 1915 toros
636 1860 663 1914 et
678 1859 771 1930 prata
793 1859 921 1915 reccata'a
942 1858 1016 1914 rivis
1037 1856 1190 1915 incolimus
1197 1877 1207 1914 .·
1229 1860 1260 1916 et
1277 1856 1397 1915 horem

323 1945 364 2004 ad
390 1963 565 2019 responsum
592 1946 724 2020 pertinet
751 1945 904 2022 quaesitae
931 1945 1074 2022 regionis,
1104 1947 1203 2020 potes,
1234 1945 1342 2021 inquit,

322 2037 441 2110 partem
468 2052 555 2093 nosse
584 2053 674 2115 quam
702 2034 842 2109 colimus3
873 2035 946 2093 haec
974 2037 1019 2092 est
1046 2033 1125 2091 enim
1150 2032 1181 2090 in
1205 2052 1266 2109 qua
1288 2053 1342 2094 nos

322 2122 415 2184 vides.
457 2123 555 2183 locum
577 2141 648 2183 vero
672 2127 786 2183 certum
808 2127 864 2183 aut
885 2124 1039 2200 proprium
1061 2122 1110 2182 hic
1133 2122 1241 2181 habere
1264 2123 1343 2182 nulli

323 2231 496 2273 concessum
529 2216 586 2287 est,
623 2212 786 2272 indivisum
818 2217 864 2273 est
895 2214 951 2271 hoc
983 2214 1114 2288 spatium
1146 2213 1341 2287 omnibusque

272 2324 306 2367 ιο
323 2321 493 2375 commune,
524 2302 706 2378 perindeque
737 2304 885 2361 incertum
918 2305 963 2361 est
994 2301 1046 2360 ubi
1078 2302 1146 2377 quis
1173 2303 1270 2377 possit
1295 2304 1342 2359 in-

322 2392 429 2465 veniri,
449 2390 519 2448 dum
543 2393 705 2466 quaeritur.
742 2391 923 2459 sedasset
944 2392 1003 2464 fert
1023 2394 1067 2451 tm
1090 2390 1174 2449 corde
1197 2390 1340 2459 calcatas,

322 2480 376 2539 doc
401 2484 536 2553 saporata
562 2482 665 2554 tapacm
692 2485 719 2539 at
744 2480 828 2553 faedi
853 2483 916 2539 tam
943 2483 1058 2539 tramite
1083 2482 1200 2538 sistam:
1236 2480 1289 2538 sed
1315 2482 1344 2539 si

322 2587 377 2628 vos
405 2568 527 2627 videndi
555 2588 622 2627 eum
650 2569 798 2646 cupiditas
826 2572 909 2628 tenet
936 2572 1025 2644 atque
1053 2570 1086 2627 in
1113 2586 1148 2627 eo
1172 2569 1344 2644 persistitis,

321 2659 429 2736 iugum
462 2677 521 2732 quo
553 2657 636 2717 ducit
666 2661 737 2732 iter,
769 2658 825 2717 hoc
858 2660 904 2717 est
936 2659 1054 2733 collem,
1091 2660 1229 2733 superate
1260 2658 1343 2716 facto

272 2767 305 2811 aa
323 2765 449 2807 ascensu
477 2750 507 2804 et
534 2746 617 2806 facili
645 2747 684 2805 ad
711 2766 779 2805 eum
805 2748 912 2805 itinere
940 2766 987 2805 me
1016 2746 1181 2805 auxiliante
1205 2748 1342 2806 venietis

323 2835 464 2895 benivola
490 2835 662 2910 instructi03
693 2835 789 2896 omnis
813 2837 892 2894 enim
915 2836 969 2911 qui
991 2836 1079 2910 pleno
1104 2835 1203 2893 studio
1227 2835 1343 2911 aliquid

321 2927 459 3001 praestat
480 2923 568 2983 debet
590 2924 622 2982 id
643 2927 743 3000 ipsum
766 2924 866 2984 levare
888 2924 1027 2983 remedio.
1063 2924 1151 2983 huius
1174 2926 1277 3001 igitur,
1295 2925 1341 2981 in-

322 3032 428 3091 quam,
464 3014 525 3071 fuit
555 3014 687 3071 maxima
718 3031 788 3090 pars
820 3012 956 3072 beneficii
987 3032 1047 3089 qua
1079 3012 1154 3071 dixit
1186 3031 1242 3089 ego
1275 3032 1341 3072 eam

321 3101 487 3176 vobiscum,
509 3106 546 3161 ut
569 3102 604 3160 de
628 3121 742 3161 summo
761 3102 945 3178 inspectione
963 3102 1068 3161 habita
1085 3103 1207 3178 possitis
1224 3101 1340 3177 inplere

270 3212 305 3257 se
322 3191 404 3268 quod
422 3192 523 3250 vultis.
556 3192 632 3250 diatt
649 3196 675 3249 et
693 3195 760 3250 cate
778 3192 845 3249 talit
860 3209 1008 3266 pressam:
1030 3192 1192 3267 praecessit
1210 3193 1341 3269 ignaros,

321 3284 358 3339 ut
375 3280 437 3340 illis
456 3280 634 3339 facilitatem
653 3279 769 3339 itineris
784 3280 1010 3340 demonstraret.
1041 3297 1212 3353 camposque
1224 3281 1342 3338 attentis

395 3474 412 3519 4
431 3468 574 3537 coataapit
592 3465 635 3521 ed,
698 3471 714 3520 9
734 3469 776 3521 ait
788 3468 872 3550 prior
889 3468 953 3536 ipsa
970 3465 996 3520 V
1010 3468 1105 3535 prima
1123 3469 1186 3535 ipsa
1204 3465 1278 3519 dicit
1295 3465 1339 3519 ed.

378 3543 411 3592 10
430 3539 553 3592 cemimus
568 3544 681 3606 propter
699 3536 724 3592 V
743 3543 768 3592 et
785 3540 920 3607 mterpos.
941 3537 984 3591 ed.
1069 3543 1101 3590 18
1120 3554 1182 3592 aero
1200 3554 1253 3590 om.
1268 3535 1341 3660 edd

319 3610 397 3664 malti
414 3607 439 3663 V
457 3611 586 3677 cuiquam
603 3626 661 3663 aaa
680 3608 723 3663 ed.
793 3614 828 3663 20
842 3614 935 3679 posset
952 3607 985 3663 V.
1057 3614 1090 3661 24
1109 3608 1182 3677 qaod
1199 3609 1302 3662 ducitis

320 3680 396 3751 qaod
413 3680 511 3735 videtis
529 3680 572 3733 ed.
592 3691 645 3749 quo
664 3681 741 3735 duait
759 3682 812 3736 iter
829 3696 889 3734 nos.
945 3684 978 3732 27
998 3682 1030 3734 ia
1048 3697 1101 3748 qao
1119 3680 1145 3733 V
1163 3680 1206 3733 ed.
1226 3681 1345 3745 iaqacm

319 3768 381 3805 noa.
446 3755 551 3804 28-29
571 3768 632 3806 eam
649 3752 786 3807 acturam
803 3750 830 3807 V
848 3769 874 3808 o.
888 3752 1001 3807 asaiam
1020 3750 1067 3805 ed.
1129 3754 1169 3802 aa
1189 3744 1369 3814 posset-„ew

374 3826 411 3874 30
427 3822 544 3891 cynarae
563 3821 589 3876 V
605 3824 715 3893 ignaris
735 3824 779 3879 ed.

1107 3906 1170 3963 ‘52¹⁸
