3250 4350
664 401 854 470 ,insumas
872 401 900 454 11
1230 404 1291 468 171

274 587 414 631 coruscae
443 571 603 630 luminibus
631 573 768 642 flammae
798 573 920 630 arrectis
947 571 1100 644 salsasque
1124 590 1181 646 per
1210 578 1294 634 aetus

274 659 368 717 sudor
390 661 426 718 iit
443 663 541 732 terque
558 662 626 733 ipsa
643 660 703 718 solo
723 654 874 737 (intrabile
892 660 985 732 dicta)
1004 661 1119 718 armati
1129 680 1284 734 parmam·
1296 671 1346 716 175

274 766 331 821 qac
359 749 457 820 sereres
483 749 654 822 hastamque
681 753 854 808 tremeciati.
899 749 1080 808 disseramus
1096 749 1169 807 “iam
1193 770 1294 825 quem-

274 836 438 895 admodum
461 856 565 896 verum
583 835 764 897 Graecorum
783 839 897 897 factum
915 840 1005 913 poeta
1024 838 1172 916 extulerit,
1192 859 1294 914 quem·

245 925 439 985 radmodum
461 945 542 984 more
565 928 720 1002 praecipui
743 929 871 986 oratoris
890 927 978 985 unius
996 925 1141 985 invidiam
1160 928 1293 996 criminis

271 1016 345 1074 aliis
378 1033 497 1090 quoque
530 1034 564 1074 ex
596 1035 630 1075 eo
663 1016 851 1086 venientibus
884 1015 1058 1074 criminibus
1088 1017 1292 1075 cumulaverit.

273 1105 368 1162 aliter
391 1105 471 1162 enim
490 1103 656 1163 Minervam
675 1107 795 1182 gravius
815 1105 926 1163 iratam
944 1105 1098 1182 sacrilegis
1115 1105 1293 1179 persuadere

272 1211 335 1251 non
359 1195 462 1269 posset
485 1193 579 1252 falsus
601 1195 666 1268 ipse
689 1196 836 1266 narrator,
854 1194 914 1251 nisi
937 1193 1106 1253 ostenderet
1129 1213 1196 1252 eam
1218 1195 1293 1252 mul-

272 1281 377 1356 tiplici
396 1282 534 1360 congerie
553 1282 697 1342 scelerum
714 1284 910 1357 provocatam
929 1301 1059 1340 amorem
1081 1285 1243 1357 pristinum
1261 1286 1299 1341 in*

225 1394 257 1432 ro
272 1370 417 1430 acerbum
440 1371 543 1429 odium
566 1374 771 1431 commutasse.
817 1371 917 1446 inpius
942 1390 977 1428 er
1001 1391 1059 1446 quo
1084 1371 1213 1446 Tydides
1242 1372 1293 1430 sed

272 1461 357 1518 enirn
380 1460 581 1535 scelerumque
603 1463 743 1519 inventor
766 1459 881 1518 Ulixes:
914 1460 1016 1518 debuit
1040 1461 1138 1535 primo
1163 1461 1293 1520 admissa

272 1549 389 1606 scelera
420 1555 595 1608 narraturus
627 1549 697 1608 talis
725 1567 868 1624 personas
896 1549 1049 1608 ostendere
1078 1569 1155 1624 quae
1183 1550 1292 1608 audere

271 1637 394 1695 inlicita
417 1639 448 1695 et
470 1638 568 1697 facere
586 1639 763 1712 potuissent.
797 1637 909 1696 idcirco
927 1638 1047 1716 singula
1065 1639 1192 1715 singulis
1210 1639 1293 1697 dedit

271 1725 406 1784 alterum
437 1726 593 1801 appellans
626 1729 742 1801 inpium
774 1729 827 1801 qui
853 1729 886 1784 in
913 1726 966 1784 illo
994 1727 1102 1786 scelere
1131 1731 1161 1785 et
1190 1729 1292 1787 divina

220 1837 256 1876 15
272 1818 343 1873 iura
367 1821 397 1871 et
419 1815 551 1874 humana
573 1816 724 1890 violasset,
748 1815 876 1874 alterum
899 1815 976 1873 dixit
998 1817 1183 1874 inventorem
1202 1818 1291 1877 secla

271 1923 344 1962 rum
372 1904 429 1962 hoc
457 1907 503 1963 est
531 1906 584 1979 qui
606 1924 770 1980 numquam
792 1905 942 1963 invenerit
965 1905 1045 1979 quod
1067 1908 1147 1963 recte
1170 1905 1292 1982 probari
1386 1904 1388 1909 ’

271 1994 432 2068 potuisset.
478 1995 617 2052 inventor
640 1993 785 2052 scelerum
807 1996 927 2069 proprie
951 1997 997 2052 est
1019 1995 1072 2068 qui
1094 1994 1207 2053 relictis
1230 1997 1291 2053 usi-

271 2083 349 2140 tatis
383 2101 462 2140 nova
492 2084 609 2140 invenit
640 2083 765 2155 scelera,
797 2084 883 2157 peior
910 2086 956 2142 est
981 2084 1121 2141 inventor
1148 2084 1291 2142 scelerum

272 2170 438 2245 sceleratis,
461 2174 533 2247 quia
555 2171 619 2247 ipse
642 2174 758 2231 invenit
779 2171 857 2231 uude
875 2192 911 2230 ex
929 2171 1136 2231 innocentibus
1155 2174 1293 2232 scelerati
1356 2236 1361 2247 ,

218 2280 258 2321 ao
272 2260 449 2318 reddantur.
492 2260 584 2319 fatale
609 2262 741 2340 adgressi
764 2263 881 2319 sacrato
905 2262 1033 2321 avellere
1055 2263 1168 2338 templo
1192 2262 1291 2321 Palla·

273 2349 372 2407 dium:
406 2350 437 2406 in
465 2350 591 2428 singulis
619 2351 738 2427 singula
765 2353 836 2409 sunt
867 2369 977 2428 genera
1004 2351 1167 2427 sacrilegii:
1198 2351 1291 2410 fatale

271 2439 330 2497 hoc
364 2440 410 2497 est
438 2440 470 2495 in
503 2456 561 2513 quo
594 2442 689 2498 staret
716 2440 812 2498 fatum
841 2437 1035 2509 Graecorum
1068 2439 1186 2496 dixerat
1213 2442 1290 2497 enim

271 2526 409 2586 Palladis
438 2528 558 2585 auxiliis
586 2546 703 2603 semper
726 2527 819 2602 stetit,
842 2532 887 2587 est
910 2548 980 2604 ergo
1004 2529 1207 2605 sacrilegium
1241 2528 1290 2586 ad-

272 2618 371 2693 gressi
399 2616 551 2690 avellera.
569 2619 605 2675 ut
627 2636 693 2674 eum
717 2616 875 2692 sacrilegio
899 2618 1071 2676 conveniret
1094 2618 1205 2675 crimen
1228 2618 1291 2675 vio-

218 2723 257 2765 =e
272 2707 399 2777 lentiae3
423 2725 493 2762 nam
515 2705 640 2783 adgredi
663 2708 694 2764 et
716 2705 844 2765 avellere
867 2707 1067 2764 violentorum
1092 2709 1150 2779 est3
1174 2710 1290 2765 sacrato

272 2793 405 2853 avellere
423 2794 548 2868 temp103
572 2796 600 2853 si
617 2795 728 2854 diceret
746 2795 868 2870 templo,
886 2796 981 2853 levius
1000 2795 1072 2867 fuit3
1095 2796 1192 2853 multa
1212 2798 1290 2853 enim

271 2885 345 2942 sunt
371 2883 485 2959 templa
513 2902 589 2958 quae
617 2887 734 2941 sacrata
762 2902 822 2942 non
844 2885 905 2942 sint
927 2901 981 2941 nec
1003 2883 1135 2942 habeant
1157 2883 1290 2959 aliquam

271 2972 498 3030 venerationem
515 2972 697 3047 perindeque
715 2974 887 3047 contempta
900 2992 960 3030 non
973 2971 1105 3046 laedant,
1119 2977 1290 3031 consecrata

271 3079 344 3119 vero
361 3062 387 3120 si
401 3063 562 3119 attrectata
576 3062 624 3119 rel
643 3063 750 3121 leviter
768 3062 888 3134 fuerint,
902 3061 1036 3138 graviter
1054 3066 1290 3137 commoventem

218 3165 258 3210 aa
271 3149 404 3209 avellere
426 3150 540 3224 templo
563 3149 747 3208 Palladium:
770 3149 940 3209 Palladium
963 3170 1030 3209 cum
1053 3154 1289 3225 pronuntiamus,

270 3238 389 3314 pondus
418 3237 586 3297 addendmn
614 3242 672 3315 est3
706 3240 739 3297 in
765 3240 832 3314 ipso
860 3240 940 3296 enim
967 3241 1086 3298 nomine
1114 3240 1289 3318 magnitudo

269 3328 406 3385 numinis
440 3346 578 3401 expressa
610 3331 663 3386 est.
710 3329 803 3385 caesis
831 3346 963 3386 summae
996 3327 1167 3387 custodibus
1200 3332 1289 3387 arcis:

269 3415 464 3493 sacrilegium
493 3435 560 3474 cum
586 3417 747 3476 homicidio
776 3419 805 3474 et
832 3410 992 3475 homicidio
1015 3416 1145 3475 admisso
1168 3420 1200 3474 in
1223 3419 1289 3492 ipsa
1358 3493 1360 3496 Ι

344 3644 361 3692 3
380 3639 541 3693 dixeramus
559 3640 601 3692 ed.
668 3645 700 3693 12
720 3640 822 3693 audere
840 3639 892 3691 LR
910 3640 1000 3694 cidere
1019 3640 1061 3693 ed.
1132 3644 1164 3692 19
1184 3640 1287 3693 scotai-

218 3712 337 3802 iiatis
356 3711 389 3763 R.
464 3715 497 3763 26
516 3712 573 3776 fait
591 3710 644 3763 LR
660 3716 727 3765 esset
744 3710 787 3763 ed.
857 3716 890 3762 27
909 3716 976 3765 aaut
994 3709 1046 3762 LR
1065 3711 1108 3763 ed.
1126 3713 1183 3764 siat
1201 3710 1286 3784 nost

269 3782 371 3837 babeat
389 3780 434 3835 ed.
508 3787 541 3834 28
561 3782 674 3837 laedant
692 3782 735 3836 ed.
755 3783 922 3836 laudantia?
