3250 4350
699 394 883 451 AENEIDOS
902 396 941 450 VI
1267 396 1334 460 569

318 564 467 623 desertum
494 584 524 624 se
553 563 590 623 ab
617 566 685 641 ipsa
716 567 806 640 atque
837 568 1040 640 contemptum
1069 567 1112 639 et,
1144 566 1216 625 licet
1245 565 1336 625 sciret

317 673 384 712 eam
415 656 492 712 inste
525 657 718 727 commotam,
749 656 852 713 tamen
883 654 1068 714 recedentem
1099 654 1335 731 prosequebatur

317 744 431 820 gemitu
455 761 489 801 ac
507 742 606 802 verbis
630 745 661 803 et
683 746 830 818 quantum
852 747 973 819 poterat
994 743 1169 802 intuebatur
1187 744 1281 804 oculis
1304 745 1335 802 et

316 832 433 890 videret
455 832 590 906 ulterius,
613 834 639 890 si
661 852 721 892 non
745 851 812 891 eam
834 832 955 891 arbores
978 851 1134 891 nemorum
1156 836 1247 908 atque
1269 851 1334 891 um-

290 941 302 980 5
317 921 389 980 brae
411 923 563 980 texissent.
910 972 912 980 .
1074 973 1076 976 ,

384 1010 461 1068 Inde
489 1011 592 1069 anau
618 1011 737 1069 motitur
762 1013 833 1082 iter:
862 1010 910 1069 his
943 1011 1034 1087 gestis
1067 1011 1166 1086 coepit
1197 1009 1241 1067 ire
1274 1028 1333 1085 quo

317 1098 431 1157 dudum
459 1098 637 1158 intenderat.
667 1100 804 1173 umque
833 1117 909 1159 arua
941 1100 1076 1158 tenebant
1105 1100 1211 1157 ultima
1241 1095 1335 1173 [quac

318 1189 389 1247 betia
417 1189 491 1246 atari
521 1190 631 1247 saneta
662 1186 880 1263 frequentautJ:
911 1189 965 1246 illa
997 1188 1074 1246 dixit
1107 1207 1183 1263 quae
1215 1187 1335 1246 fueram

317 1277 391 1337 eatis
414 1277 568 1350 ulteriora,
591 1277 706 1336 scilicet
728 1296 800 1336 usus
825 1277 920 1355 gradu
942 1278 1134 1352 superlativo,
1158 1277 1232 1336 haec
1250 1281 1334 1353 sepa-

276 1385 302 1425 1a
317 1367 409 1425 ratim
431 1366 551 1424 fuerant
569 1364 714 1440 deputata
733 1365 779 1425 hia
798 1366 851 1442 qui
873 1369 977 1445 magni
995 1365 1225 1425 inveniebantur
1242 1366 1334 1424 fuisse

316 1457 349 1514 in
379 1456 591 1513 exercitatione
621 1455 776 1513 bellorum.
827 1456 873 1515 uo
901 1457 947 1514 iili
973 1457 1100 1515 occurrit
1129 1455 1259 1530 queres,
1285 1455 1335 1513 bic

315 1545 434 1604 ineditus
453 1547 554 1604 ,armis
580 1545 819 1617 Parthenopaeus
847 1549 873 1602 et
894 1543 1020 1604 Adrasti
1043 1545 1185 1618 patientis
1211 1546 1389 1618 imaqor480

316 1633 373 1692 hoc
395 1633 566 1708 specialiter
588 1633 689 1709 posuit
712 1633 824 1692 addens
847 1635 893 1692 tic
914 1634 1039 1692 rantum
1060 1635 1122 1706 steti
1142 1635 1182 1691 ad
1199 1650 1335 1707 superos:

315 1741 371 1797 pro
394 1723 501 1781 merito
525 1721 640 1781 scilicet
657 1723 779 1782 virtutis
803 1741 874 1781 suae
892 1742 1036 1800 magnum
1053 1722 1132 1782 vivis
1151 1723 1335 1798 reliquerant

272 1831 299 1872 15
315 1813 444 1886 laetum,
477 1830 545 1869 eum
577 1810 803 1871 adversantibus
836 1812 908 1870 fatis
935 1830 990 1888 pro
1018 1813 1119 1888 patria
1151 1812 1334 1871 cecidissent.

316 1901 444 1973 belloque
472 1901 576 1960 caduci
598 1900 811 1959 Dardanidae:
843 1919 862 1959 a
884 1902 1008 1976 speciali
1030 1902 1252 1960 enumeratione
1275 1901 1334 1959 sin-

316 1989 456 2068 gulorum
478 1989 601 2048 transiit
625 1989 663 2048 ad
685 1989 921 2067 generalitatem,
954 1993 989 2049 ut
1007 1990 1152 2065 plurimos
1175 1989 1239 2048 illic
1262 1990 1333 2048 Tro·

315 2081 402 2137 ianos
421 2096 483 2138 esse
502 2081 689 2154 memoraret.
727 2095 798 2152 quos
813 2080 863 2137 ilie
881 2080 975 2137 aunis
994 2080 1077 2153 touqo
1096 2079 1198 2137 ordine
1215 2096 1335 2137 arruns

316 2170 468 2242 iuqemuit,
504 2167 706 2242 Glaucumque
733 2169 932 2243 Medontaque
961 2168 1248 2243 Mamuriumque,
1280 2169 1335 2227 tris

270 2278 299 2317 aa
315 2256 517 2318 Auternridas
537 2256 692 2331 Cererique
708 2274 829 2317 sacrun
845 2260 1016 2333 Polyboeten
1035 2259 1216 2331 Idaeumque
1238 2259 1388 2316 annaeo

316 2348 529 2415 curuantur
541 2365 628 2407 arma
641 2350 795 2407 tenutam:
807 2346 956 2425 ingemuit
966 2348 1005 2406 ed
1019 2347 1114 2408 omnis
1123 2348 1263 2423 pertinet
1274 2365 1335 2405 non

317 2437 397 2494 enim
411 2436 508 2494 solum
521 2435 619 2495 doluit
629 2434 783 2510 Glaucum,
798 2455 867 2496 cum
880 2438 976 2495 omnis
991 2455 1117 2513 quorum
1131 2436 1253 2495 nomina
1266 2453 1334 2495 con-

315 2525 421 2599 plexus
433 2523 795 2601 esthabnissetaequaiis.
821 2524 921 2585 Cereri
932 2545 1048 2585 sacrum
1055 2524 1239 2600 Polyboeten
1249 2524 1334 2599 dixit,

317 2618 351 2672 ut
370 2613 540 2673 ostenderet
557 2614 681 2672 numina
699 2614 830 2674 cultores
853 2633 921 2673 suos
944 2616 977 2672 in
995 2632 1084 2673 causa
1107 2616 1212 2673 mortis
1230 2615 1334 2673 iuvare

270 2722 299 2763 25
316 2721 377 2761 non
404 2721 504 2778 posse3
536 2720 607 2760 nam
634 2704 766 2778 perierat
798 2705 851 2778 qui
880 2702 980 2773 Cereri
1005 2704 1106 2761 uerat
1172 2706 1334 2762 nsecratus.

316 2791 440 2850 Idaeum
467 2810 538 2852 vero
561 2792 654 2850 talem
680 2791 758 2851 vidit
786 2791 883 2868 qualis
911 2791 1010 2851 fuerat
1035 2791 1073 2868 in¹
1091 2793 1168 2865 vita3
1198 2792 1225 2851 is
1250 2789 1335 2851 'enim

316 2880 376 2939 duo
400 2881 490 2939 simul
513 2879 612 2940 officia
634 2880 784 2940 sustinens
806 2880 929 2939 tenebat
951 2899 1048 2955 arma,
1071 2881 1194 2959 regebat
1216 2885 1247 2941 ct
1269 2899 1335 2939 cur⁴

315 2990 398 3042 rum,
421 2989 546 3045 quorum
574 2968 705 3029 studium
734 2969 815 3047 apud
842 2987 964 3045 superos
987 2970 1101 3028 habuit.
1147 2972 1337 3030 uruunauc

317 3062 437 3118 animae
473 3059 576 3117 deutra
614 3060 755 3131 laeuaque
790 3060 967 3132 frequentes:
1011 3059 1048 3118 ab
1080 3062 1208 3136 utroque
1239 3059 1335 3119 latere

270 3171 300 3211 so
317 3147 552 3207 circumstabant
575 3149 693 3206 animae
722 3150 845 3207 maximi
872 3150 996 3207 numeri.
1042 3166 1094 3208 nec
1120 3148 1227 3207 cidisse
1248 3149 1336 3208 seruet

315 3239 391 3297 satis
419 3240 473 3295 est:
499 3236 579 3295 tanti
606 3236 708 3294 meriti
727 3238 858 3296 ‘fuerunt
881 3254 1012 3315 'quorum
1041 3238 1158 3296 animae
1182 3235 1335 3296 obtutibus

390 3429 497 3477 let-
513 3429 529 3476 2
547 3428 706 3478 connatam
726 3439 779 3477 om.
795 3422 838 3477 ed.
918 3425 996 3478 ctis
1010 3454 1044 3464 —
1060 3428 1079 3476 't
1094 3424 1250 3478 intruderat
1268 3425 1335 3477 ante

314 3496 380 3550 inde
396 3494 596 3564 transposed.
688 3499 703 3547 '1
723 3512 792 3562 quae
806 3500 872 3548 -8
890 3496 1066 3563 frequentant
1084 3494 1164 3549 deest
1182 3494 1213 3547 in
1231 3493 1265 3559 V,
1284 3495 1334 3549 sed

315 3565 481 3636 explicatur.
569 3566 656 3620 sitta
673 3565 699 3620 V
717 3566 817 3620 ultima
835 3566 901 3622 aar.
990 3564 1281 3621 landeveneco?
1328 3571 1331 3576 ’

316 3644 351 3694 lb
365 3638 446 3707 patri
464 3638 626 3694 accidiaaeut
644 3635 670 3690 V
688 3652 757 3691 corr.
772 3636 816 3691 ed.
886 3642 919 3690 16
938 3639 1051 3706 aprunii
1068 3635 1094 3689 V
1113 3656 1131 3691 a
1149 3653 1273 3706 spreorr.
1289 3637 1333 3690 ed.

371 3713 405 3762 22
419 3709 476 3763 soto
489 3707 515 3762 V
528 3709 615 3766 solum
629 3724 680 3765 noa
693 3714 805 3777 proptu
813 3707 929 3763 added.
982 3713 1017 3763 26
1030 3707 1108 3763 hisV
1121 3710 1147 3763 is
1161 3706 1279 3776 cornei.

315 3786 349 3835 27
361 3780 445 3834 anui
454 3780 558 3834 omed.
596 3784 629 3835 28
640 3781 828 3849 quorunpost
835 3795 946 3835 aurun
952 3778 1058 3834 inserui
1064 3796 1184 3848 qaenam
1190 3781 1282 3835 rarum
1289 3777 1335 3833 ed.
