3250 4350
343 380 420 434 XXII
746 379 952 433 PRAEFATIO

345 549 454 609 codicis
477 549 622 626 ligamina
645 550 756 622 liceret,
779 548 898 607 facilius
921 552 1174 625 cognoscerentur.
1212 568 1282 607 nam
1301 549 1360 607 dis·

344 637 510 698 similitudo
538 636 592 696 illa
620 657 698 713 quae
725 636 802 697 solet
825 655 888 696 esse
911 639 991 696 inter
1012 638 1094 704 latus
1116 637 1247 712 pilosum
1269 656 1360 696 mem·

344 728 507 786 branarum
529 730 559 786 et
582 726 720 803 glabrum
743 725 820 784 nihil
842 726 892 785 hic
914 725 1044 800 proficit,
1073 727 1143 801 quia
1170 726 1360 785 membranae

343 818 447 891 utpote
484 816 610 895 originis
643 814 776 875 Gallicae
813 806 856 896 (v.
884 814 1097 889 wattenbach,
1135 808 1361 874 Schriftwesen³

343 925 373 981 p.
397 906 459 963 116
475 896 532 985 sq.)
564 905 715 980 utrimque
748 903 872 963 abrasae
905 904 935 962 et
966 906 1135 980 pumicatae
1168 903 1362 982 dignoscendi

343 994 521 1053 facultatem
548 995 724 1070 plerumque
752 1012 812 1051 non
839 993 983 1068 praebent
1011 996 1041 1052 et
1068 992 1208 1052 librarius
1238 993 1361 1052 solitum

344 1082 522 1158 disponendi
540 1083 674 1142 ordinem
696 1075 737 1162 (v.
753 1082 849 1154 Blass,
868 1080 984 1141 Handb.
1004 1081 1032 1140 d.
1051 1083 1141 1140 klass.
1160 1082 1222 1143 Alt.
1237 1082 1326 1141 Wiss.
1345 1082 1362 1140 Ι

343 1191 372 1247 p.
388 1164 468 1251 343)
492 1191 552 1230 non
575 1171 754 1232 observavit.
802 1171 961 1245 aliquoties
985 1173 1073 1246 enim,
1101 1172 1153 1229 ubi
1176 1170 1362 1230 discernendi

343 1262 479 1336 potestas
501 1263 554 1335 est,
574 1261 783 1336 quaterniones
803 1280 821 1318 a
839 1260 933 1318 latere
951 1259 1049 1334 piloso
1067 1260 1198 1336 incipere
1217 1260 1361 1320 videmus.

342 1351 488 1410 ternionis
511 1350 593 1408 XXX
625 1369 765 1408 numerus
797 1349 871 1407 folio
896 1351 973 1422 222,
1006 1350 1104 1407 XXXI
1133 1349 1207 1409 folio
1232 1350 1295 1408 232
1329 1350 1362 1407 in

344 1439 424 1498 calce
453 1439 589 1514 adpictus
615 1442 672 1512 eet,
700 1442 737 1497 ut
759 1439 808 1498 hic
831 1437 987 1514 quaternio
1011 1437 1112 1497 decem
1134 1439 1276 1497 foliorum
1298 1456 1361 1498 esse

343 1527 488 1587 videatur.
542 1529 594 1588 sed
626 1527 753 1587 duorum
784 1528 925 1585 foliorum
961 1526 1064 1585 ordine
1100 1526 1257 1586 verborum
1294 1532 1362 1601 post

343 1616 450 1675 folium
474 1618 537 1676 232
562 1616 789 1677 inserendorum
812 1615 998 1689 membrana,
1026 1635 1103 1690 quae
1125 1635 1186 1674 una
1208 1618 1303 1676 restat
1327 1635 1362 1672 er

344 1705 539 1781 quaternione
563 1706 683 1778 XXXII,
707 1725 760 1781 per
783 1724 913 1765 errorem
936 1703 981 1763 ita
1003 1707 1072 1780 post
1094 1705 1201 1764 folium
1225 1707 1288 1764 222
1315 1706 1362 1763 in-

343 1796 440 1872 ligata
464 1797 523 1868 est,
545 1798 581 1853 ut
603 1794 862 1867 bibliothecarius,
893 1795 946 1868 qui
968 1794 1056 1870 ligati
1079 1793 1189 1852 codicis
1211 1793 1286 1852 folia
1308 1813 1363 1851 nu·

343 1884 480 1958 metavit,
505 1885 568 1942 223
593 1887 623 1942 et
647 1885 711 1943 224
735 1883 922 1959 inscripserit
945 1881 1069 1942 adiectis
1094 1884 1127 1941 in
1154 1884 1288 1960 margine
1316 1884 1361 1940 in-

344 1973 451 2031 feriore
487 1972 664 2032 restituendi
701 1972 814 2032 ordinis
852 1990 942 2030 causa
978 1971 1087 2030 litteris
1124 1971 1178 2030 FF
1206 1969 1264 2030 GG
1289 1971 1361 2029 HH.

344 2060 454 2121 accidit
475 2062 502 2120 is
526 2079 616 2135 error,
640 2081 707 2121 cum
729 2063 789 2120 iam
813 2061 1018 2137 quaternionis
1037 2060 1150 2119 XXXII
1172 2061 1269 2121 maior
1291 2080 1362 2136 pars

345 2151 491 2227 periisset.
521 2150 716 2211 desideratur
739 2152 819 2210 enim
841 2151 911 2227 post
933 2149 1040 2209 folium
1059 2151 1132 2224 232,
1156 2150 1362 2227 quaternionis

343 2239 443 2300 XXXI
465 2239 614 2313 ultimum,
637 2240 846 2314 interpretatio
870 2257 1010 2299 versuum
1029 2241 1081 2312 44,
1104 2241 1239 2315 sequitur
1257 2239 1363 2299 verbo·

343 2349 411 2390 rum
430 2329 533 2387 ordine
555 2328 662 2387 folium
683 2330 745 2388 223
770 2348 911 2388 versuum
931 2329 971 2386 25
995 2330 1275 2405 interpretationem
1293 2347 1362 2388 con-

343 2417 450 2491 tinens,
474 2416 612 2492 deinceps
636 2416 822 2477 desideratur
843 2418 1053 2493 interpretatio
1076 2436 1216 2476 versuum
1241 2418 1291 2491 66,
1317 2436 1363 2475 se-

344 2506 447 2581 quitur
465 2506 571 2566 folium
590 2508 655 2566 224
674 2526 816 2567 versuum
836 2507 876 2564 28
901 2495 1179 2581 interpretationem
1199 2506 1362 2580 continens,

343 2598 494 2670 postremo
527 2594 610 2655 deest
642 2614 783 2655 versuum
808 2598 848 2654 65
876 2596 1099 2670 interpretatio:
1131 2595 1202 2654 hinc
1234 2594 1364 2654 efficitur

344 2703 460 2745 summa
490 2703 633 2744 versuum
658 2686 735 2759 228,
768 2704 828 2760 qua
860 2702 936 2743 unus
969 2685 1105 2759 expletur
1134 2684 1291 2759 quaternio
1320 2684 1364 2742 sic

344 2772 545 2848 disponendus
573 2776 602 2833 0.
626 2777 655 2834 Ο.
682 2776 754 2833 223.
778 2776 808 2833 0.
832 2777 861 2834 0.
886 2774 959 2831 224.
983 2776 1057 2833 0.0
1112 2792 1179 2831 cum
1212 2775 1292 2831 enim
1324 2773 1363 2831 ad

584 2852 1049 2996 Q

344 3003 434 3064 finem
458 3023 622 3079 properans
646 3006 783 3065 Donatus
806 3006 879 3065 folio
901 3008 963 3065 232
991 3009 1041 3078 29,
1064 3004 1146 3063 foliis
1165 3005 1227 3063 233
1248 3006 1278 3062 et
1298 3005 1361 3062 235

346 3095 388 3152 30
412 3110 516 3152 versus
539 3092 729 3171 Vergilianos
753 3095 929 3169 absolverit,
952 3095 1027 3153 nihil
1051 3092 1152 3153 obstat
1175 3094 1247 3168 quin
1273 3093 1363 3151 buius

345 3182 549 3257 quaternionis
577 3182 636 3241 duo
663 3184 737 3242 folia
764 3184 863 3243 media
888 3186 943 3258 66,
972 3184 1030 3243 duo
1058 3183 1166 3241 ultima
1195 3182 1235 3240 65
1259 3200 1363 3240 versus

345 3271 499 3345 complexa
522 3271 589 3330 sint.
635 3274 782 3332 iacturam
809 3276 912 3331 autem
938 3274 971 3330 in
998 3275 1064 3348 ipso
1092 3271 1192 3331 codice
1214 3270 1363 3329 Vaticano

345 3360 457 3423 factam
481 3378 543 3419 esse
566 3361 637 3420 inde
660 3364 795 3436 apparet,
815 3361 894 3437 quod
917 3364 977 3420 tres
1000 3362 1048 3420 illi
1070 3362 1171 3419 hiatus
1191 3360 1271 3417 inter
1288 3359 1364 3418 folia

345 3450 464 3524 integra
495 3450 691 3508 intercedunt.
742 3444 809 3509 fuit'
833 3469 904 3529 ergo
942 3451 1014 3508 olim
1052 3451 1208 3525 quaternio
1240 3448 1364 3522 XXXII,

345 3538 430 3596 ouius
459 3555 528 3596 cum
556 3540 687 3597 extrema
715 3539 820 3598 charta
846 3558 987 3597 numerus
1015 3558 1133 3615 quoque
1157 3538 1294 3612 adpictus
1318 3540 1363 3595 in-

345 3627 438 3685 teriit.
476 3627 590 3703 excepit
614 3646 681 3685 eum
704 3630 815 3702 ternio;
838 3648 907 3686 nam
930 3631 1001 3704 post
1024 3630 1167 3705 quattuor
1190 3645 1266 3702 quae
1284 3644 1364 3685 nunc

332 3715 447 3771 ultima
480 3733 545 3773 esse
577 3716 641 3775 diri
673 3716 748 3776 folia
777 3718 963 3777 233-236
1001 3718 1059 3777 duo
1094 3719 1228 3792 suspicor
1260 3715 1362 3774 eadem
