3250 4350
613 497 616 503 .
651 463 655 476 ¹
707 431 941 503 ,AENEIDOSH
1272 438 1337 503 179

320 603 393 667 ditis
416 604 470 664 snb
494 606 577 665 scuto
600 603 777 681 etpedibus
801 606 873 664 deae
895 607 994 684 magis
1019 606 1174 683 magisque
1202 610 1337 666 creverat

319 712 423 770 pavor.
471 699 497 753 et
525 694 618 762 ecclam
647 695 815 767 expendisse
843 700 997 766 maerstem
1023 694 1193 773 Laocoonta
1218 696 1390 768 seruataso

319 801 440 851 merum
467 785 519 856 qui
545 784 663 857 cuspide
687 785 779 842 robur
805 783 923 847 laeserit
949 787 976 842 et
1001 787 1078 857 terqo
1100 785 1270 844 sceleratam
1290 786 1337 843 in·

319 875 436 932 torserit
463 874 592 932 hastam·
629 891 664 932 ex
693 875 876 951 argomento·
897 872 1042 931 eiusmodi
1068 873 1177 933 timida
1203 873 1336 939 omnium

289 964 493 1022 sconiactma
523 960 699 1035 ducebatur,
731 980 833 1021 omnes
866 963 975 1039 quippe
1008 960 1233 1022 arbitrabantur
1258 961 1336 1022 Lao-

319 1055 458 1111 coontem
485 1051 627 1111 maribam
653 1069 764 1127 poenas
793 1050 910 1111 dedisse
931 1053 1035 1126 utpote
1058 1071 1127 1110 eum
1150 1052 1202 1126 qui
1225 1050 1337 1110 donum

318 1141 473 1200 Minervae
494 1141 644 1201 violasset.
685 1140 721 1198 de
744 1158 841 1216 poena
858 1139 989 1200 filiorum
1005 1139 1193 1215 Laocoontis,
1216 1141 1269 1215 qui
1290 1141 1336 1198 in·

319 1233 421 1291 sontes
440 1232 539 1292 necati
556 1233 627 1288 sunt
643 1247 698 1289 nec
716 1231 878 1305 quicquam
896 1229 1088 1304 admiserant,
1101 1229 1178 1289 nihil
1195 1229 1252 1289 hoc
1269 1228 1336 1288 loco

319 1319 411 1395 dixit3
446 1322 586 1378 natorum
613 1319 692 1377 enim
707 1317 826 1383 ‚durum
850 1320 1019 1393 interitum,
1046 1331 1134 1395 quem
1157 1321 1228 1377 ante
1250 1335 1336 1377 suam

276 1429 304 1468 ro
318 1411 460 1467 mortem-
476 1406 613 1469 Laocoon
640 1407 769 1482 viderat,
796 1409 877 1467 inter
902 1411 1029 1484 paterna
1055 1407 1205 1484 supplicia
1233 1426 1336 1466 nume-

318 1497 408 1557 ravit.
455 1496 618 1557 descendum
649 1496 690 1554 ad
721 1497 802 1556 sedes
833 1498 1025 1556 simulacrum
1052 1498 1224 1569 crmrdaqac
1250 1495 1337 1554 diuae

318 1588 446 1646 uumiaa
469 1586 664 1644 conclamaret:
687 1587 821 1644 omnium
842 1605 905 1646 una
927 1586 989 1644 fuit
1005 1585 1168 1660 eademque
1187 1586 1337 1653 sententia

320 1679 412 1750 atque
435 1675 473 1733 ab
487 1675 641 1734 universis
665 1674 857 1734 concordanti
876 1693 949 1735 voce
967 1674 1152 1735 clamabatur
1169 1673 1335 1736 ducendum

318 1767 351 1823 in
378 1765 511 1840 patriam
542 1764 736 1827 simulacrum
768 1766 839 1839 equi
868 1768 908 1824 et·
926 1763 1099 1823 numinibus
1127 1764 1217 1833 laesis
1243 1765 1335 1839 atque

277 1875 304 1913 ra
320 1853 440 1912 offensis
462 1855 537 1914 satis
560 1871 624 1912 asse
646 1853 824 1912 faciendum.
869 1855 1029 1912 diuidamus
1050 1870 1150 1911 muros
1173 1856 1198 1911 el
1220 1854 1336 1911 mocula

313 1944 479 2016 pandimus
505 1944 595 2002 urbis.
641 1944 797 2015 acciuquut
822 1959 920 2000 omues
947 1944 1029 2015 aperi
1046 1942 1227 2014 pedibusque
1248 1945 1389 2000 rota-⁸235

319 2050 387 2091 rum
417 2032 563 2090 subiciuut
592 2031 693 2104 lapsus
724 2035 750 2089 et
778 2035 902 2105 stuppea
928 2031 1047 2089 maceda
1074 2029 1146 2089 collo
1167 2030 1334 2090 iratcrrdum:

317 2122 410 2197 plena
437 2119 616 2181 describitur
643 2120 775 2180 amentia
800 2120 1010 2197 Troianorum
1042 2139 1112 2180 nam
1139 2138 1174 2179 eo
1200 2122 1334 2196 tempore

319 2230 378 2286 quo
405 2228 461 2270 nec
487 2209 606 2270 finitum
628 2208 740 2268 bellum
762 2210 862 2269 fuerat
884 2228 938 2269 nec
960 2210 1091 2286 positum
1113 2228 1210 2286 neque
1233 2209 1336 2285 aliqua

276 2320 304 2360 so
318 2299 524 2359 coniuratione
557 2301 689 2375 sopitum
719 2299 831 2358 muniri
861 2300 959 2377 magis
990 2318 1079 2374 quam
1112 2298 1199 2375 prodi
1227 2299 1334 2357 civitas

318 2388 431 2447 debuit.
477 2388 647 2463 scindimus,
669 2388 778 2464 inquit,
801 2408 901 2449 muros
924 2390 955 2447 et
976 2388 1032 2446 hoc
1053 2389 1134 2447 facto
1152 2389 1249 2447 lotam
1267 2405 1335 2462 pro

319 2479 418 2539 dimus
436 2477 571 2538 hostibus
590 2477 758 2552 civitatem
780 2480 874 2537 muris
892 2478 972 2536 enim
988 2476 1156 2537 inconsulta
1174 2475 1335 2551 patefactis

317 2568 464 2627 interiora
478 2568 595 2627 moenia
608 2566 824 2642 pandebantur.
857 2584 923 2625 eoae
942 2570 973 2625 et
990 2567 1184 2642 augmentum
1202 2564 1334 2624 sceleris:

310 2656 481 2733 ,accingrmt
507 2674 609 2716 omnes
635 2657 732 2732 operi,
759 2674 796 2713 ne
824 2655 891 2731 quis
919 2654 957 2715 ab
983 2654 1037 2715 illo
1059 2654 1175 2713 nefario
1198 2656 1229 2713 et
1250 2651 1335 2727 inpio

276 2765 303 2806 ss
318 2746 452 2805 facinore
467 2748 545 2805 amet
561 2746 703 2819 inmums,
717 2744 902 2821 pedibusque
918 2746 1054 2804 rotarum
1067 2741 1217 2803 subiciunt
1230 2742 1335 2817 lapsus

318 2837 349 2894 et
367 2838 496 2910 stuppea
513 2834 634 2893 vincula
652 2834 728 2893 collo
747 2833 916 2906 intendunt,
933 2832 1154 2908 quaerebantur
1172 2832 1335 2891 celeritatis

316 2922 459 2997 remedia,
482 2927 517 2982 ut
538 2925 655 2983 mature
678 2923 710 2980 in
732 2923 864 2998 patriam
884 2922 1056 2981 mitteretur
1077 2922 1230 2995 interitum
1262 2939 1334 2979 nam

316 3012 444 3090 pedibus
471 3013 600 3090 ingentis
627 3012 782 3072 machinae
811 3009 997 3071 subiciebant
1023 3013 1105 3074 rotas
1133 3012 1163 3069 et
1185 3010 1265 3069 funis
1288 3012 1333 3068 in·

315 3101 489 3161 tendebant.
508 3102 599 3176 collo,
625 3104 662 3160 ut
687 3104 822 3160 rotarum
848 3099 1000 3159 mobilitas
1023 3101 1054 3157 et
1075 3100 1190 3159 tractus
1216 3099 1333 3157 funium

274 3211 303 3250 ao
317 3194 349 3249 et
367 3192 479 3250 civium
498 3194 589 3266 atque
609 3192 744 3250 aetatum
762 3190 895 3247 omnium
914 3191 944 3246 el
962 3206 1084 3247 sexuum
1107 3189 1189 3247 nisus
1212 3188 1333 3246 exitiale

390 3404 407 3449 4
427 3403 571 3467 auqrracuto
585 3395 638 3449 La
651 3402 839 3467 arqumeutor
857 3394 922 3448 eas.
940 3399 943 3460 Ι
958 3392 1117 3448 huiusmodi
1129 3392 1162 3445 R.
1218 3397 1234 3445 6
1253 3393 1333 3445 awri-

318 3475 376 3522 tum
394 3467 448 3521 aa
465 3470 590 3522 caeritum
608 3484 623 3521 r
640 3469 734 3522 marito
752 3467 795 3521 ed.
813 3468 950 3538 lpoeraam
966 3464 993 3519 R
1006 3481 1098 3533 poema
1116 3463 1138 3515 L
1158 3480 1202 3517 -as
1219 3462 1333 3515 Hman.

372 3544 388 3591 8
407 3556 456 3594 uec
473 3538 527 3592 ΒΕ
545 3540 593 3608 qui
610 3555 659 3594 uec
677 3538 720 3593 ed.
737 3541 741 3607 1
758 3538 901 3592 admiserit
917 3537 950 3590 R.
1020 3540 1055 3589 20
1072 3535 1264 3590 coniuratione
1281 3532 1335 3585 LR

316 3612 509 3667 couimrctioue
528 3609 571 3665 ed.
606 3612 610 3678 1
640 3610 726 3679 prodi
742 3608 796 3662 LR
810 3609 938 3678 patefieri
955 3607 999 3661 ed.
1084 3612 1116 3659 21
1132 3610 1216 3674 pacto
1234 3603 1278 3657 ed.

317 3688 351 3735 22
371 3682 494 3736 hostibus
516 3697 570 3735 om.
589 3681 622 3734 R,
731 3685 765 3735 28
782 3687 906 3735 rotarum
924 3678 978 3732 LB
1040 3694 1094 3739 sus
1111 3675 1177 3730 add.
1195 3674 1269 3729 1110
1288 3674 1332 3727 ed,

317 3761 393 3812 ratas
410 3768 471 3819 nos,
486 3751 555 3821 quia
567 3751 705 3807 mobilitas
719 3750 846 3819 sequitur
863 3752 969 3819 (potest
982 3765 1013 3803 ar
1049 3750 1086 3802 et.
1100 3753 1178 3801 rotor
1189 3744 1335 3812 habuism,

317 3825 452 3895 quoniam
470 3841 487 3880 r
505 3825 535 3877 et
551 3839 566 3877 s
583 3838 668 3892 saepe
681 3823 895 3892 permutantur).
951 3825 985 3874 30
1002 3820 1082 3875 aiam
1095 3817 1148 3870 LR
1160 3823 1275 3873 couaaas
1288 3816 1337 3871 ed.

1068 3910 1125 3937 saa
