3250 4350
701 433 883 488 AENEIDOS
902 433 941 488 VI
1267 432 1333 496 555

315 603 419 661 Aenea
446 604 547 662 ridere
578 603 717 679 cupiebat
748 601 906 662 incolumis
939 602 1005 678 ipsa
1038 621 1106 661 eum
1137 604 1271 662 cerneret
1301 602 1334 661 in

314 693 455 752 fluctibus
492 693 588 753 saevis
621 693 795 751 exanimem.
854 708 971 750 summa
1006 693 1141 752 sublimis
1178 692 1215 751 ab
1250 691 1334 751 arada

309 781 461 855 paulatim
491 782 640 841 unacum
666 785 774 849 terrae,
806 782 868 840 a'am
895 784 959 840 tnta
990 782 1136 840 tenebam:
1168 784 1249 856 trino,
1281 782 1334 854 ait,

315 871 380 929 vidi
402 870 533 947 Italiam,
556 889 624 930 cum
647 890 694 930 me
716 871 886 946 proximum
906 873 1005 929 terrae
1027 871 1120 930 ferret
1142 869 1223 929 unda
1241 869 1334 929 subli-

285 979 396 1020 emem
419 962 449 1018 et
471 961 540 1018 tuta
561 962 663 1018 tenere
691 959 861 1035 coepissem.
906 960 940 1017 ne'
963 975 1036 1034 peres
1063 959 1189 1018 andalo
1212 955 1335 1018 madida

316 1067 384 1108 cnm
405 1053 480 1108 necte
500 1052 659 1123 cracaben
680 1045 950 1123 manantemque
966 1049 1051 1108 anau
1069 1049 1209 1109 manibus
1227 1050 1389 1122 capitaneo

316 1156 425 1212 aspera
447 1139 552 1197 montis
574 1139 654 1211 ferro
672 1137 829 1196 cannuca
844 1138 1048 1210 praedamque
1065 1140 1174 1211 ipnara
1186 1141 1335 1211 putasset:

315 1247 376 1286 non
400 1226 558 1285 defuerunt
581 1225 714 1286 crudeles
736 1225 881 1299 homines,
904 1227 958 1301 qui
981 1225 1121 1285 arbitrati
1138 1225 1281 1302 praedam
1303 1244 1335 1285 se

315 1317 478 1392 invenisse,
503 1317 575 1391 quia
602 1315 734 1376 vestibus
763 1317 793 1372 et
821 1333 901 1390 aqua
923 1318 1067 1391 gravatim
1094 1316 1222 1390 fueram,
1249 1317 1334 1374 uncis

270 1425 302 1468 ro
316 1423 365 1464 me
388 1405 526 1464 manibus
548 1404 732 1464 invaderent.
778 1421 873 1462 uncae
896 1423 1000 1463 manus
1024 1407 1094 1464 sunt
1118 1422 1194 1480 quae
1217 1405 1249 1462 in
1272 1423 1336 1463 mo·

317 1494 390 1552 dum
412 1494 610 1553 humanarum
633 1512 775 1552 manuum
797 1493 877 1551 ferro
899 1493 1086 1552 fabricantur
1109 1493 1232 1552 aduncis
1252 1493 1336 1552 velut

316 1583 421 1660 digitis
450 1585 480 1642 et
506 1583 539 1641 in
566 1582 661 1642 undas
689 1583 864 1655 mittuntur,
896 1585 932 1641 ut
960 1582 1041 1658 quod
1068 1582 1197 1642 hominis
1229 1599 1336 1641 manus

316 1691 377 1730 non
400 1674 499 1748 potest
522 1670 759 1747 conprehendere
782 1671 856 1746 ipsis
879 1674 980 1730 teneat
1008 1671 1118 1747 praedo
1147 1675 1238 1747 atque
1261 1671 1335 1747 ipsis

316 1761 430 1838 adigat.
484 1761 585 1837 capitu
612 1778 718 1836 aspera
745 1761 856 1819 montis
885 1761 1016 1835 accipere
1044 1779 1200 1836 possumus
1228 1779 1336 1836 aspera
1416 1802 1419 1808 ›

271 1871 302 1912 re
317 1869 465 1925 saxorum,
489 1868 566 1926 quac
581 1869 615 1906 ex
633 1849 784 1908 radicibus
797 1848 946 1907 montium
966 1851 1051 1924 quasi
1070 1867 1140 1907 cum
1159 1849 1336 1926 quibusdam

316 1938 469 2015 capitibus
491 1939 521 1996 in
547 1957 629 1997 mare
652 1937 798 2014 producta
825 1937 1001 2012 tenduntur,
1034 1938 1118 1996 iuxta
1146 1959 1236 2015 quae,
1269 1957 1337 1997 cum

316 2027 457 2087 fluctibus
485 2029 670 2104 portaretur,
697 2028 821 2086 invasus
844 2028 898 2085 est.
942 2045 1022 2085 nnnc
1053 2045 1098 2086 me
1125 2029 1231 2100 tinans
1253 2027 1339 2087 babet

316 2121 491 2192 versantque
513 2119 547 2177 in
570 2118 651 2177 litore
673 2118 767 2176 nenti:
796 2118 831 2175 ut
853 2135 914 2176 non
940 2115 1027 2192 plene
1050 2115 1203 2175 videretur
1225 2118 1360 2177 eiectus¹

316 2207 399 2265 intra
421 2226 545 2282 aquam,
577 2207 676 2282 inquit
705 2223 784 2265 nunc
810 2206 924 2279 volvor,
956 2206 999 2265 sic
1025 2208 1127 2265 tamen
1159 2208 1194 2264 ut
1225 2209 1337 2265 terram

273 2314 304 2356 so
317 2296 417 2355 litoris
434 2298 566 2373 tangam.
613 2298 690 2354 recte
711 2295 786 2353 dixit
805 2293 954 2353 crudelem
972 2298 1104 2373 gentem3
1127 2295 1163 2355 de
1182 2296 1338 2373 sepultura

318 2386 399 2443 enim
422 2384 613 2460 loquebatur,
644 2403 734 2460 quam
762 2382 820 2443 sibi
848 2383 968 2443 dolebat
995 2403 1055 2443 non
1086 2385 1263 2461 exhibitam3
1290 2384 1338 2442 illi

318 2474 400 2531 enim
424 2475 477 2548 qui
498 2476 651 2547 venerant,
674 2473 700 2532 si
723 2473 941 2531 humanitatem
965 2474 1141 2548 retinerent,
1163 2494 1223 2533 non
1247 2492 1337 2549 quae·

317 2564 419 2621 rerent
442 2561 584 2638 praedam
608 2562 643 2621 de
667 2564 799 2637 mortuo,
823 2561 874 2621 sed
899 2562 1084 2637 sepulturam
1107 2562 1246 2622 defuncto
1269 2582 1338 2639 pro·

319 2670 424 2711 ornare
448 2650 618 2711 debuerant.
664 2652 742 2726 qnod
769 2656 795 2711 te
819 2668 877 2726 per
902 2651 975 2710 caeti
1001 2652 1164 2711 §mnndum
1191 2651 1340 2712 tanna

275 2758 305 2802 ss
320 2757 423 2809 auras,
440 2757 498 2813 per
517 2741 676 2813 penitorum
698 2758 757 2809 oro,
786 2736 858 2815 [per
879 2757 945 2813 spec
971 2742 1118 2814 carpentis
1139 2739 1237 2816 InliJ:
1263 2741 1339 2800 bene

318 2828 453 2906 positum
475 2848 530 2905 per
551 2829 628 2889 caeli
650 2828 812 2889 iucundum
834 2829 945 2904 lumen,
968 2830 1110 2904 quoniam
1129 2831 1211 2907 apud
1227 2830 1339 2890 inferos

318 2918 500 2995 loquebatur
522 2920 553 2977 et
575 2917 695 2977 Aeneae
717 2917 850 2994 optabile
873 2917 932 2976 fuit
954 2936 988 2977 eo
1011 2937 1158 2993 remeare,
1184 2920 1259 2979 bene
1286 2939 1341 2996 per

394 3110 409 3158 1
428 3105 518 3160 videri
534 3104 561 3158 V
580 3120 649 3159 corr.
664 3105 707 3159 ed.
733 3104 739 3177 Ι
767 3105 831 3174 ipsa
849 3121 910 3159 enm
927 3102 953 3157 V
972 3105 991 3158 i.
1005 3121 1074 3159 cura
1092 3107 1136 3159 ed,
1217 3112 1233 3160 3
1252 3114 1341 3162 tenne

319 3176 345 3231 V
363 3182 382 3231 t.
403 3182 429 3231 et
446 3176 490 3232 ed.
559 3181 575 3229 6
590 3182 819 3245 prensantemque
836 3175 862 3229 V
879 3176 934 3230 hoo
952 3176 1023 3230 Don.
1041 3176 1145 3247 legisse
1163 3196 1220 3233 non
1237 3181 1340 3248 potest,

318 3248 390 3318 qnia
407 3245 573 3301 Palinurum
595 3248 625 3301 in
644 3247 727 3301 undis
746 3247 853 3317 perisse
871 3249 963 3315 putat,
978 3255 1200 3319 praesentemque
1219 3249 1272 3317 ed.¹
1290 3249 1340 3303 sed

319 3319 407 3374 inane
425 3320 470 3373 est
487 3334 540 3373 neo
558 3320 716 3373 structurae
731 3318 915 3372 difficultates
929 3316 1008 3373 tollit
1020 3319 1120 3389 inepta
1133 3320 1239 3375 Donati
1252 3321 1341 3376 inter-

318 3390 484 3461 pretatione
502 3390 648 3456 excitatas‚
668 3406 755 3460 quere
774 3404 886 3443 crucem
904 3405 922 3444 a
942 3391 1046 3459 poneie
1064 3392 1161 3446 malui.
1230 3397 1247 3447 8
1265 3394 1340 3447 arbi-

319 3461 391 3517 trabi
407 3459 435 3515 V
453 3466 606 3516 eru-entur
628 3461 671 3516 ed.
780 3466 796 3514 9
815 3461 896 3516 nnnc
913 3407 941 3513 V
958 3466 984 3516 et
1000 3479 1029 3515 n.
1048 3462 1091 3517 ed.
1202 3468 1235 3518 10
1253 3480 1342 3517 macae

317 3532 452 3589 mnam
468 3530 495 3584 V
513 3548 582 3587 corr.
603 3533 646 3587 ed.
739 3536 771 3586 12
791 3532 884 3587 auito
902 3531 935 3587 V.
961 3535 965 3602 Ι
990 3533 1096 3588 bannim
1113 3533 1147 3587 V.
1240 3541 1273 3589 14
1291 3535 1341 3590 ad·

319 3606 399 3660 acue
415 3601 442 3657 V
459 3602 558 3675 adipat
575 3603 619 3658 ed.
711 3609 743 3656 17
763 3604 878 3659 inrasae
894 3601 920 3656 V
939 3604 1057 3659 inustas
1078 3605 1122 3659 ed.
1153 3608 1157 3674 Ι
1190 3607 1291 3661 baben
1307 3603 1341 3659 V.

376 3679 412 3730 22
430 3680 592 3745 puwnent
609 3674 636 3728 V
653 3691 694 3731 -νε
712 3673 756 3728 ed.
847 3680 883 3727 24
897 3692 949 3743 per
966 3692 1078 3745 capnos
1095 3678 1168 3731 caete·
1182 3676 1209 3729 V
1234 3690 1356 3741 sapenos

320 3743 473 3872 {folipdb'
552 3751 588 3801 25
605 3762 659 3816 per
680 3762 741 3815 spes
755 3777 788 3786 —
803 3746 864 3802 Iuli
892 3744 976 3802 deest
1002 3748 1037 3802 in
1055 3747 1099 3814 V,
1124 3747 1182 3800 sen
1204 3743 1377 3811 exotium

350 3857 357 3870 .
411 3857 420 3884 ‚
472 3856 479 3870 .
