3250 4350
662 459 845 514 AENEIDOS
863 459 902 514 VI
1229 461 1296 526 563

276 628 325 684 vel
350 629 420 703 quia
443 631 558 687 occasio
581 628 757 687 transeundi
781 630 839 687 fuit
861 630 1036 705 temporalis
1055 630 1086 688 et
1104 631 1180 688 offae
1198 633 1295 689 trans-

276 716 432 776 voretione
452 717 568 795 digesta
585 719 687 793 potuit
706 716 850 776 Cerberus
868 717 953 776 reddi
971 719 1065 778 statui
1084 736 1136 777 suo
1155 719 1204 779 vel
1223 721 1297 794 quia

276 805 440 864 festinabat
463 806 502 864 ad
524 809 649 882 patrem.
959 815 962 819 ’

346 893 488 953 Oonttnno
516 895 636 954 auditae
657 911 739 954 voees
765 897 883 969 eaptus
911 899 937 953 et
962 897 1065 970 inpens
1090 897 1297 970 befantennqae

248 985 395 1042 santanae
424 984 524 1056 flentes
552 985 585 1042 e'n
612 983 712 1042 timine
735 985 853 1056 prtsno:
883 984 937 1042 ubi
969 985 1057 1042 eeleri
1086 1003 1201 1062 gressu,
1233 989 1294 1043 non

276 1071 447 1148 inpediente
480 1070 607 1131 Cerbero
643 1072 710 1148 ripa
741 1074 919 1132 transmissa
951 1075 1009 1146 est,
1039 1092 1108 1132 mox
1141 1074 1179 1132 ad
1212 1076 1295 1132 auris

275 1160 394 1220 Aeneae
414 1179 502 1220 sonus
520 1160 723 1220 lamentabilis
742 1162 875 1222 renitet
894 1163 1014 1239 vagitus
1033 1162 1137 1240 ingens
1157 1166 1188 1222 et
1205 1162 1294 1221 fletus

275 1250 445 1308 infantium.
491 1267 563 1323 qnos
586 1252 679 1309 duleis
701 1253 778 1310 eltae
801 1254 920 1319 exortis,
948 1250 1003 1310 hoe
1031 1253 1077 1311 est
1099 1270 1173 1327 quos
1197 1250 1295 1310 duleis

274 1341 340 1397 vita
363 1341 421 1397 eito
445 1339 576 1398 deseruit
599 1343 629 1399 et
651 1339 723 1399 feeit
746 1341 856 1399 exortis
883 1340 916 1398 id
939 1341 985 1399 est
1007 1344 1091 1399 extra
1114 1343 1225 1399 sortem
1248 1341 1291 1399 vi·

231 1445 260 1486 ro
274 1427 364 1486 vendi
386 1428 538 1488 maiorem.
583 1435 610 1488 et
632 1430 779 1488 abutere
805 1434 907 1502 raptos
939 1430 1060 1488 abstulit
1086 1433 1154 1488 atra
1181 1429 1243 1488 dies
1266 1435 1293 1488 et

273 1519 378 1590 sanae
400 1520 501 1577 mersit
522 1519 639 1578 aeota:
670 1517 709 1576 ad
732 1520 927 1596 augmentum
949 1518 1151 1577 miserationis
1174 1517 1292 1577 addidit

275 1605 311 1663 ab
336 1605 425 1663 ubere
448 1609 560 1682 raptos.
607 1606 679 1683 quid
702 1609 781 1665 enim
804 1607 908 1666 durius
936 1626 1027 1682 quam
1055 1607 1224 1682 extorqueri
1246 1606 1291 1664 in-

273 1696 368 1753 sontis
392 1696 538 1755 matribus
565 1695 674 1754 liberos
702 1714 770 1755 suos
794 1699 824 1755 et
852 1695 889 1753 ab
917 1695 991 1771 ipsis
1015 1695 1154 1755 uberibus
1178 1696 1291 1768 divelli,

272 1786 370 1859 perire
389 1803 507 1860 quoque
526 1785 677 1844 inmatura
695 1786 791 1843 morte
810 1786 841 1842 et
860 1788 929 1843 ante
948 1784 1079 1860 opprimi
1098 1804 1188 1861 quam
1207 1786 1291 1861 loqui

230 1891 258 1932 rs
272 1871 461 1949 potuissent?
492 1875 544 1933 bos
561 1876 646 1934 taeta
663 1873 741 1946 falso
759 1873 895 1934 damnati
912 1875 1034 1932 erisntne
1050 1877 1166 1932 mortis:
1197 1874 1281 1933 iuxta
1291 1879 1345 1928 430

272 1963 327 2022 hos
345 1963 467 2022 fuerunt
485 1963 533 2022 illi
551 1965 603 2040 qui
621 1963 706 2023 falsis
725 1962 883 2021 eriminum
901 1961 1176 2021 insimulationibus
1196 1963 1291 2038 pressi

272 2054 342 2109 sunt
366 2054 396 2109 et
417 2050 524 2111 traditi
545 2054 619 2111 neei.
664 2070 716 2111 nee
737 2068 805 2110 vero
828 2052 884 2110 bae
909 2052 973 2110 sine
999 2047 1075 2109 sorte
1101 2051 1200 2119 datae,
1227 2052 1291 2110 sine

270 2140 367 2199 iudice
393 2142 489 2200 sedes:
521 2144 687 2217 ettamen,
709 2141 822 2218 inquit,
845 2140 919 2200 haee
941 2140 1008 2200 loea
1030 2140 1093 2200 sine
1116 2140 1214 2199 iudiee
1237 2144 1293 2200 aut

272 2231 351 2288 sorte
374 2249 434 2289 non
457 2234 535 2290 sunt.
571 2233 717 2303 quaesitor
733 2232 837 2290 Minos
855 2248 965 2289 arnam
982 2234 1088 2288 moad·
1110 2230 1208 2289 Minos
1225 2230 1292 2288 illie

230 2334 258 2377 so
273 2321 303 2377 et
325 2318 497 2394 inquirendi
519 2320 609 2379 habet
632 2322 811 2395 potestatem
837 2323 867 2378 et
889 2338 982 2378 urnae
1010 2317 1170 2397 agitandas
1198 2319 1291 2377 lieen-

271 2407 355 2480 tiam‚
374 2410 416 2482 ut,
437 2409 463 2466 si
480 2407 658 2467 iudieiorum
678 2410 774 2467 exitus
793 2410 886 2467 etiarn
904 2410 993 2468 sortis
1017 2407 1174 2467 arbitrium
1199 2427 1291 2484 quae·

271 2497 363 2571 reret,
396 2496 455 2556 non
488 2496 603 2557 deesset
635 2516 727 2556 urnae
759 2497 936 2556 substantia.
982 2493 1033 2555 tae
1061 2497 1197 2556 silentum
1223 2513 1292 2555 eon-v

274 2585 429 2657 etiamque
446 2590 530 2644 aeeat
546 2587 676 2659 eimsqae
694 2590 720 2644 et
738 2587 863 2645 erimina
881 2587 979 2644 elisett:
1001 2586 1053 2643 ille
1074 2585 1107 2643 id
1131 2588 1175 2644 est
1190 2584 1292 2646 Minos

272 2673 415 2732 silentum
443 2675 504 2733 hoe*
527 2676 573 2734 est
599 2676 784 2733 mortuorum
812 2677 843 2733 et
868 2677 1127 2751 congregationem
1151 2677 1235 2733 eurat
1258 2677 1289 2733 et

230 2780 256 2821 sa
270 2762 435 2841 investigat
458 2763 709 2839 quemadmodum
728 2763 840 2841 singuli
858 2763 996 2821 duxerint
1014 2764 1117 2822 vitam.
1148 2764 1288 2836 proenrsa

270 2850 375 2910 deinde
402 2856 497 2911 tenent
522 2855 625 2912 maesti
647 2853 710 2912 toea
732 2856 782 2927 qai
805 2852 862 2911 sibi
884 2853 972 2911 neam
993 2854 1121 2911 insontes
1138 2870 1279 2927 peperere
1288 2856 1341 2906 485

269 2959 378 3001 amna:
399 2941 536 3015 proxima
558 2942 624 3001 loea
646 2941 702 3001 hoe
725 2944 769 3001 est
788 2960 807 3000 a
826 2959 917 3016 supra
941 2940 1029 2999 dietis
1050 2960 1109 3021 non
1127 2942 1217 3020 longe
1235 2961 1287 3017 po-

270 3032 330 3089 sita
356 3030 499 3089 tenebant
525 3032 627 3090 tristes
655 3032 721 3107 qui,
749 3048 818 3089 eum
845 3031 978 3090 insontes
1006 3033 1115 3105 essent,
1143 3030 1203 3106 ipsi
1230 3030 1288 3090 sibi

268 3119 438 3178 intulerunt
456 3123 591 3193 mortem,
606 3138 673 3178 eum
691 3120 774 3178 nullo
793 3119 917 3179 erimine
931 3121 1143 3195 premerentur.
1176 3119 1288 3178 dieitur

227 3226 254 3267 so
269 3225 361 3266 eausa
384 3208 471 3283 faeti3
503 3208 579 3267 nihil
603 3210 683 3268 enim
704 3208 741 3267 fit
761 3208 822 3267 nisi
845 3209 925 3284 quod
947 3209 1077 3268 faciendi
1099 3208 1209 3268 habeat
1237 3227 1286 3267 ne·

268 3298 453 3355 cessitatem:
490 3297 636 3371 besemque
662 3298 762 3370 perosa·
789 3300 937 3371 proiecere
964 3299 1098 3355 animas:
1134 3299 1201 3372 ipsa
1228 3297 1288 3356 fuit

268 3385 455 3460 adpetendae
479 3387 583 3446 mortis
606 3387 699 3460 retia,
723 3385 794 3462 quia
818 3386 886 3444 odio
909 3386 970 3445 illis
993 3386 1094 3445 fuerat
1115 3386 1180 3460 lux,
1203 3385 1286 3445 labo-

266 3494 337 3532 rum
365 3477 395 3534 et
423 3494 633 3534 aerumnarum
657 3494 754 3534 eausa.
800 3494 890 3549 qaam
912 3475 1017 3535 vellera
1037 3475 1150 3533 aetbere
1172 3477 1205 3533 in
1228 3475 1287 3533 atto

342 3631 356 3679 7
376 3627 593 3682 inlamentabilis
605 3626 631 3681 V
645 3643 714 3683 eorr.
730 3626 773 3681 ed.
832 3631 848 3679 8
867 3628 917 3681 boe
934 3632 973 3680 est
990 3626 1063 3695 qaod
1081 3626 1170 3680 duleis
1183 3624 1210 3678 V
1226 3626 1252 3679 b.
1263 3643 1284 3679 e.

265 3714 337 3769 qaae
354 3698 381 3751 d.
396 3698 440 3751 ed.
514 3704 549 3751 14
567 3697 774 3767 qaamqaamV
792 3715 876 3767 qnam
894 3698 938 3752 od.
1012 3701 1044 3749 17
1063 3703 1152 3751 sartae
1170 3696 1234 3750 date
1251 3697 1284 3750 V.

324 3771 468 3824 reminas
488 3768 519 3822 in
541 3768 687 3837 lemmate,
711 3770 800 3824 minos
822 3769 853 3822 in
875 3769 991 3838 interpr.
1006 3766 1040 3821 V.
1088 3809 1090 3814 .
1120 3773 1153 3821 22
1173 3768 1243 3822 desit
1260 3767 1287 3821 V

264 3841 369 3895 deesset
387 3840 430 3894 ed.
453 3842 457 3909 Ι
477 3841 693 3911 consilinmqaae
711 3839 738 3895 V
755 3840 955 3910 eonats’aenqee
973 3838 1016 3893 ed.
1035 3838 1149 3893 favente
1167 3838 1287 3907 interpr.

1022 3926 1077 3967 aa*
