3250 4350
709 416 892 471 AENEIDOS
911 416 950 471 VI
1273 418 1337 482 607

317 586 466 645 videatur.
517 588 568 659 aaa
598 588 730 654 iaocaes,
763 591 890 659 cacata
922 589 1077 655 ostentant,
1110 589 1220 661 aspice
1251 587 1340 646 otro!

318 680 407 748 atace
428 675 566 734 centrata
587 679 693 748 aeraat
713 674 793 734 ciode'
811 680 942 749 terrrpora
959 693 1075 748 querca,
1093 677 1125 736 ti
1136 677 1195 734 ,ooo
1211 675 1339 735 Nesaeo-

318 770 382 824 tam
410 768 437 822 et
460 762 571 823 Gabios
597 763 754 837 urbemque
776 764 937 832 Fidenam,
961 765 992 824 ti
1017 763 1180 824 Collatinas
1201 767 1341 839 inponent

316 854 466 912 moeotidas
488 869 584 921 arces,
608 852 752 912 Pooeetios
776 851 969 927 Castrumque
990 854 1065 912 Ioci
1086 853 1251 927 Bolaoaaae
1275 853 1329 912 Oo-
1340 857 1392 906 ‘175

282 964 298 1005 s
319 959 456 1015 ramasse:
479 941 539 1017 isti,
562 942 671 1017 inquit,
693 942 817 1001 iuvenes
841 960 885 1016 ac,
905 961 943 1001 ne
961 941 1078 1001 Aeneas
1096 943 1175 1001 inter
1193 942 1339 1018 plurimos

317 1033 448 1090 nesciret
476 1033 529 1106 qui
556 1030 614 1089 sibi
642 1030 881 1105 ostenderentur,
908 1032 1028 1108 signum
1055 1031 1138 1090 dedit
1164 1030 1229 1107 ipse
1255 1051 1339 1090 mon·
1375 1037 1378 1042 ’

318 1123 432 1181 strator
460 1139 519 1195 qno
547 1119 596 1178 illi
623 1138 641 1177 a
669 1122 774 1180 ceteris
802 1120 1058 1195 discernebantur,
1089 1122 1133 1179 ait
1159 1121 1256 1198 igitur
1286 1121 1340 1178 isti

317 1210 441 1269 iuvenes
474 1227 601 1285 quorum
632 1211 769 1283 tempora
801 1211 917 1268 coronis
950 1212 1149 1286 conteguntur
1179 1211 1276 1285 raptis
1303 1229 1339 1268 ex

318 1299 405 1358 civili
422 1317 542 1374 quercu.
573 1297 690 1356 civilem
711 1298 786 1356 dixit
804 1298 922 1372 festam,
936 1298 1101 1374 pacificam,
1118 1301 1154 1356 ut
1172 1300 1217 1357 est
1234 1298 1338 1356 laurus

270 1411 301 1452 ιο
319 1392 351 1447 et
379 1388 473 1448 oliva.
519 1389 648 1462 quantas
680 1389 846 1462 ostentant,
878 1389 991 1463 aspice,
1022 1387 1110 1446 viris!
1144 1388 1246 1462 qualia
1277 1389 1338 1445 iam

319 1477 482 1536 ostendunt
504 1493 576 1535 suae
598 1476 719 1535 virtutis
742 1476 855 1535 indicia
877 1476 927 1536 rel
951 1479 1078 1552 quantas
1102 1476 1251 1535 condituri
1269 1478 1340 1536 sunt

319 1565 472 1625 civitates!
501 1567 604 1640 etque,
629 1567 663 1622 ut
685 1565 741 1624 hoc
763 1567 862 1640 ipsum
889 1567 979 1641 plena
1007 1566 1175 1625 adsertione
1197 1565 1339 1640 firmaret,

318 1655 397 1713 dixit
419 1658 450 1713 et
472 1653 595 1712 nomina
613 1653 807 1732 singulorum.
841 1655 912 1713 iaec
929 1659 991 1713 tam
1008 1657 1129 1713 nomiae
1149 1658 1241 1723 crrmt,
1260 1673 1339 1714 acac

317 1747 389 1804 suat
409 1746 474 1802 stoc
495 1745 613 1802 nomiae
631 1747 739 1802 terrae:
762 1745 877 1819 quanta
895 1743 992 1821 gloria
1010 1744 1206 1818 conditorum,
1226 1747 1339 1819 quanta

270 1853 299 1896 rs
318 1835 387 1910 ipsa
413 1836 562 1891 terrarum
591 1831 732 1907 felicitas,
759 1833 794 1890 ut
823 1851 899 1907 quae
926 1834 989 1891 sine
1018 1833 1120 1907 aliqua
1143 1833 1240 1909 gloria
1262 1834 1338 1892 iace-

317 1923 393 1980 bant
420 1922 592 1999 incognitae
619 1919 785 1996 inciperent
812 1920 933 1979 urbium
960 1921 1032 1980 fatis
1060 1922 1173 1980 ornari!
1219 1924 1291 1995 qaia
1314 1926 1340 1980 et

317 2027 375 2070 avo
398 2013 526 2069 comitem
548 2025 610 2069 sese
632 2010 803 2068 Mavortius
825 2011 914 2069 addet
930 2009 1093 2069 Rooaatas:
1115 2009 1205 2069 addet
1227 2028 1258 2068 se
1282 2029 1338 2070 avo

318 2100 459 2158 comitem
482 2099 641 2172 Romulus,
669 2097 702 2156 id
724 2101 770 2157 est
791 2099 866 2174 Iovi,
888 2101 924 2158 ut
946 2117 1000 2176 per
1021 2100 1143 2178 longam
1166 2102 1339 2177 progeniem

317 2191 438 2249 tantum
470 2192 570 2265 posset
598 2188 756 2263 Romulae,
788 2191 823 2247 nt
854 2191 962 2249 merito
991 2190 1124 2248 fetorum
1152 2190 1280 2247 ferretur
1306 2191 1339 2247 in

270 2301 301 2341 so
319 2278 444 2339 caelum.
481 2276 627 2336 Assaraci
649 2296 734 2350 qoem
756 2279 911 2351 saaaaiais
933 2279 997 2338 Ito'a
1020 2283 1114 2337 orator
1137 2280 1248 2337 edocet:
1272 2296 1338 2337 ecce

317 2369 412 2427 etiam
433 2369 560 2425 matrem
583 2366 656 2439 eins,
685 2385 763 2441 quae
787 2370 865 2426 esset
887 2368 997 2443 futura,
1020 2366 1206 2427 monstravit
1252 2368 1339 2425 aaa

316 2461 352 2516 at
372 2458 506 2530 comicae
528 2458 608 2513 stant
629 2458 732 2514 cortice
755 2457 860 2515 cristae
883 2461 910 2516 et
926 2461 1014 2531 pater
1035 2460 1098 2530 ipse
1118 2473 1171 2515 sao
1189 2474 1328 2530 saporam
1340 2460 1392 2510 '180

319 2549 380 2605 mm
403 2547 502 2617 siccat
522 2545 649 2603 honore?
686 2543 739 2603 dat
756 2546 856 2603 'etiam
877 2547 966 2604 istius
989 2545 1085 2622 signe,
1107 2547 1142 2603 ut
1164 2546 1244 2604 inter
1261 2545 1338 2605 alios

317 2634 435 2711 positus
464 2634 616 2693 evidenter
644 2636 796 2709 appareat.
843 2633 924 2707 vide,
951 2635 1064 2710 inquit,
1093 2634 1239 2709 quomodo
1264 2634 1337 2694 duas

271 2742 303 2785 aa
318 2723 430 2782 habeat
457 2725 562 2782 cristas
589 2722 622 2782 in
649 2724 747 2798 capite
776 2725 806 2781 et
834 2723 982 2799 quomodo
1006 2742 1073 2782 eum
1095 2725 1158 2781 iam
1179 2726 1268 2798 pater
1289 2741 1337 2783 au·

317 2832 423 2889 perum
442 2812 474 2869 id
493 2816 538 2871 est
551 2812 688 2888 Iuppiter
701 2812 813 2872 honore
828 2830 883 2871 suo
898 2815 928 2870 et
940 2814 1098 2870 maiestate
1111 2812 1337 2887 percontandat

318 2920 356 2960 ea
378 2902 475 2968 haias,
498 2904 575 2969 aete,
600 2904 740 2975 auspiciis
762 2902 817 2961 illa
834 2901 936 2960 inclita
954 2901 1050 2959 Romo
1068 2903 1224 2975 importaret
1243 2903 1337 2970 terris,

318 2993 434 3049 animos
457 2991 594 3062 aequabit
617 2989 753 3064 Olympo:
784 2991 888 3049 favore
911 2990 993 3049 urbis
1016 2989 1138 3064 Romae,
1161 3009 1239 3066 quae
1262 2993 1335 3048 tem·

318 3079 442 3155 poribus
463 3077 597 3138 Caesaris
615 3080 678 3139 iam
695 3078 829 3153 florebat,
849 3082 940 3154 poeta
958 3080 1034 3137 mira
1053 3078 1129 3137 dixit
1148 3079 1186 3137 ad
1208 3079 1337 3138 landem.

270 3171 450 3230 coaeterum
473 3167 617 3227 Anchises
640 3168 719 3244 apud
743 3169 855 3227 inferos
878 3168 1005 3226 Romam
1027 3187 1086 3226 non
1113 3168 1220 3226 habuit
1247 3186 1337 3243 quem

320 3257 438 3316 Aeneae
462 3257 689 3332 demonstraret,
712 3258 812 3333 potuit
834 3258 949 3331 tamen,
971 3260 1007 3315 ut
1029 3257 1157 3315 aliarum
1179 3256 1337 3331 minorum,

318 3364 429 3405 nomen
452 3346 548 3425 dicere
572 3348 602 3404 et
625 3365 709 3422 spem
731 3348 929 3422 pronuntiare
948 3345 1103 3405 felicitatis
1122 3345 1194 3419 eiua,
1213 3348 1248 3404 ut
1265 3346 1337 3403 fecit

319 3434 459 3494 dicendo:
481 3439 643 3508 septemque
666 3453 729 3494 aaa
751 3436 808 3495 siti
829 3452 914 3493 maro
937 3435 1129 3495 circundabit
1151 3452 1241 3502 orces,
1266 3435 1337 3507 felia

393 3590 427 3639 10
445 3592 471 3641 et
489 3602 542 3640 om.
558 3586 601 3640 ed.
619 3588 623 3656 Ι
639 3587 696 3640 iam
715 3602 769 3641 om.
784 3586 828 3640 ed.
903 3592 936 3640 12
952 3588 1038 3655 pleae
1056 3586 1081 3638 V
1096 3586 1180 3653 plera
1200 3586 1258 3639 edF
1276 3602 1335 3640 nos.

392 3662 425 3709 17
444 3658 539 3712 comite
556 3656 590 3711 V.
664 3662 698 3711 18
717 3659 766 3712 hoc
784 3664 824 3713 est
841 3657 885 3711 ed.
963 3662 1068 3710 22-23
1089 3674 1156 3726 sape
1174 3659 1231 3711 iam
1249 3655 1282 3710 V.

319 3733 354 3781 26
369 3729 524 3796 persmrdat
542 3728 586 3781 ed.
660 3733 694 3782 28
712 3729 794 3797 saror
811 3728 838 3784 V
856 3728 902 3784 ed.
920 3728 1019 3797 facore
1033 3729 1140 3797 nost
1168 3726 1304 3779 canas.

317 3804 350 3851 31
372 3804 405 3851 at
420 3799 540 3853 altarem
561 3798 587 3853 V
603 3799 734 3871 (respicit
751 3802 791 3858 ad
810 3820 836 3857 v.
852 3807 908 3858 'itt
928 3802 963 3858 at
977 3802 1049 3870 'taba
1066 3799 1198 3853 attamen
1214 3792 1268 3845 aa.
