3250 4350
650 463 833 518 Aauamos
851 463 891 517 ru
1215 466 1282 531 403

265 637 360 692 tatem
382 653 481 692 meam
504 636 621 692 constat
639 636 669 692 te
687 634 894 708 piameruisse.
927 634 970 691 sio
987 634 1104 692 locutus
1123 637 1177 709 est,
1196 637 1283 711 quasi

264 723 380 799 potiori
398 722 522 781 inferior
546 722 687 782 obsecuta
709 721 856 781 videntia.
901 740 953 781 uec
980 740 1025 780 me
1051 725 1216 783 uiemiaisse
1233 726 1282 798 pi·

261 814 339 885 urbii
369 811 502 879 Elissae,
539 812 610 870 aaa
641 829 749 870 memor
780 814 843 884 ipse
873 813 944 879 mei,
976 812 1047 869 daia
1077 814 1201 884 spiritus
1230 813 1283 872 lios

265 904 339 974 rapu
357 905 454 959 artus:
477 904 508 958 et
527 900 669 974 quamdiu
688 902 798 976 vixero,
818 900 961 976 quamdiu
979 918 1094 959 memor
1111 902 1171 960 mei
1188 901 1281 976 fuero,

237 991 319 1049 shoo
348 994 393 1048 est
420 1007 509 1048 sanus
537 991 569 1047 et
596 989 719 1048 consilio
747 1007 783 1048 ac
810 1008 900 1048 sensu
924 990 1056 1067 integro,
1083 1008 1144 1048 non
1165 990 1282 1067 pigebit

264 1097 318 1136 neo
342 1077 523 1152 erubescam,
545 1079 654 1153 inquit,
676 1078 808 1138 recolens
832 1077 962 1137 nominis
986 1078 1033 1136 tui
1059 1078 1280 1138 beneficiorum·

264 1186 321 1242 que
353 1169 536 1226 memoriam.
582 1167 642 1226 ista
669 1186 740 1245 ergo
768 1167 900 1226 habeant
932 1170 1102 1242 separatam
1132 1169 1281 1227 rationem

264 1275 358 1315 suam.
391 1274 448 1330 pro
466 1273 614 1330 repausa
632 1257 751 1329 loquar:
774 1255 881 1330 dicam,
902 1256 1014 1331 inquit
1036 1257 1140 1332 paucis
1163 1276 1218 1332 pro
1236 1259 1282 1315 rei

263 1347 392 1404 veritate
416 1348 506 1422 atque
529 1345 659 1417 iustitia3
691 1346 803 1404 veritas
827 1347 906 1403 enim
928 1345 1121 1420 multiloquio
1144 1364 1204 1404 non
1229 1346 1281 1405 ad·

225 1437 387 1508 asseritur,
412 1453 479 1493 eum
502 1436 542 1494 sit
564 1436 632 1510 ipsa
654 1453 707 1510 per
730 1452 761 1493 se
783 1434 952 1510 perspicua,
974 1453 1070 1509 neque
1094 1452 1158 1511 ego,
1180 1436 1215 1493 ut
1236 1438 1280 1509 tn,

265 1523 471 1582 commorabor
492 1526 525 1581 in
548 1522 693 1598 plurimis.
731 1522 839 1597 insipit
860 1522 922 1581 iam
945 1523 1064 1583 obieeta
1085 1541 1214 1601 purgare
1232 1524 1281 1584 vel

263 1613 422 1672 refutando
446 1611 609 1671 excludere.
646 1629 737 1685 aeque
761 1629 809 1686 epo
832 1612 908 1670 hauc
928 1613 1103 1672 abscondere
1120 1613 1200 1685 furio
1218 1630 1281 1686 spe·

262 1705 339 1769 ruci,
357 1720 394 1761 ue
411 1703 497 1777 Jiuqe,
512 1702 616 1774 fucum
633 1719 685 1760 uec
703 1703 835 1774 ceuiupis
852 1719 993 1774 umquam
1004 1701 1161 1773 praaeudi
1179 1703 1281 1761 taedas

263 1794 317 1848 aui
338 1791 408 1849 baec
430 1793 463 1850 ia
489 1790 608 1863 foedua
635 1791 715 1848 aeui:
747 1809 821 1863 nan,
849 1789 905 1864 ait,
933 1790 1050 1867 fugam,
1078 1790 1130 1849 sed
1157 1790 1280 1869 naviga-

224 1898 249 1938 rs
263 1881 376 1937 tionem
404 1881 510 1954 paravi
538 1879 576 1937 ad
604 1878 704 1937 debita
732 1880 763 1937 et
789 1878 940 1938 destinata
968 1879 1147 1938 contendens
1169 1899 1223 1938 nec
1246 1884 1280 1938 ut

264 1971 298 2026 tu
323 1970 507 2027 matrimonii
529 1987 576 2026 me
599 1967 716 2045 legibus
739 1968 830 2026 vinxi.
876 1967 933 2027 hoo
954 1967 1082 2042 factum,
1108 1969 1180 2026 licet
1206 1969 1280 2027 ima-

263 2058 383 2133 ginaria
405 2057 488 2115 velut
510 2057 684 2132 nuptiarum
707 2057 917 2133 sollemnitate,
939 2057 1134 2132 praecessisse
1157 2057 1280 2132 latetur,

263 2145 316 2206 sed
343 2148 476 2205 oratoria
503 2146 616 2205 virtute
642 2145 781 2206 dissolvit
803 2145 945 2206 definiens
969 2147 1041 2222 quid
1065 2147 1105 2205 sit
1127 2147 1280 2206 matrimo-

263 2237 360 2293 nium:
383 2237 501 2296 iunctus
525 2254 600 2311 sum,
622 2237 730 2312 inquit,
748 2235 815 2308 tibi,
833 2235 886 2295 sed
907 2236 985 2295 illud
1006 2255 1067 2295 non
1089 2238 1189 2312 potest
1211 2255 1279 2294 con·

224 2346 249 2383 aa
263 2326 380 2401 iugium
399 2325 513 2399 vocari3
531 2343 591 2383 non
609 2326 689 2383 enim
707 2344 823 2400 semper
840 2325 974 2396 mulieris
994 2344 1029 2384 ae
1046 2326 1106 2385 viii
1122 2325 1279 2385 conventio

263 2413 488 2472 matrimonium
511 2414 592 2473 facit.
639 2414 722 2472 aliud
744 2417 871 2475 vocatus
894 2414 974 2489 quod
996 2415 1149 2492 gessimus.
1192 2414 1279 2489 quale

263 2504 343 2561 enim
365 2504 591 2561 matrimonium
614 2506 661 2562 est
682 2502 735 2561 ubi
753 2503 853 2562 nullus
872 2504 958 2563 testis
977 2504 1124 2576 interluit,
1142 2503 1225 2560 nulla
1244 2522 1280 2561 ex

263 2610 344 2651 more
368 2593 567 2665 sollemnitas,
589 2592 674 2666 nulia
695 2594 810 2668 pactio,
833 2593 913 2651 faces
935 2592 1050 2665 nullae,
1077 2591 1162 2649 nulls
1184 2592 1278 2667 ipsius

261 2680 390 2740 foederis
420 2678 623 2740 consecratio?
668 2699 713 2739 rae
739 2684 767 2740 si
793 2681 860 2753 faia
881 2683 954 2740 meis
970 2684 1144 2753 paterentur
1166 2681 1332 2739 duciaco

221 2790 248 2829 ss
262 2773 354 2829 eiiam
387 2772 528 2847 auspiciis
560 2773 587 2828 ei
616 2773 729 2852 spouie'
747 2788 812 2830 mea
846 2786 1005 2843 conponere
1041 2786 1142 2837 ouras,
1177 2770 1279 2828 urbem

264 2859 427 2918 Troianam
457 2862 592 2932 priuuua
628 2858 775 2932 uimque
810 2876 940 2919 mauu
972 2860 1114 2932 reliquias
1149 2857 1277 2927 colorem,

262 2948 379 3007 Priami
411 2952 483 3007 iectu
515 2949 577 3007 alta
608 2952 759 3007 manerent
785 2951 811 3008 ei
837 2948 967 3008 recidiua
997 2966 1090 3007 mauu
1113 2949 1279 3021 posuissem

262 3037 408 3110 Peraauia
435 3039 532 3097 uictis:
568 3037 624 3097 hoo
652 3036 732 3112 quod
759 3038 852 3111 facio,
883 3036 996 3112 inquit,
1029 3035 1108 3112 quod
1134 3037 1278 3115 navigare

263 3127 403 3201 dispono,
435 3145 495 3185 non
523 3128 569 3185 est
595 3126 760 3185 voluntatis
788 3144 872 3185 meae
899 3143 954 3184 nec
979 3126 1054 3183 mihi
1080 3125 1208 3184 liberum
1233 3128 1279 3184 est

336 3354 351 3401 3
369 3349 464 3403 belisae
481 3348 534 3402 th
557 3349 597 3418 (in
615 3349 637 3402 L
657 3350 746 3403 crucis
765 3348 878 3417 signum
896 3349 1057 3418 appositum
1076 3350 1106 3402 et
1126 3348 1190 3414 ituit
1212 3346 1278 3400 snb-

262 3419 400 3487 soriptum
428 3423 484 3486 est,
512 3420 588 3489 quod
617 3420 686 3489 quid
714 3420 768 3473 sibi
795 3419 865 3473 velit
891 3420 1004 3489 nescio).
1119 3423 1135 3472 5
1163 3434 1278 3472 accensu

262 3491 315 3543 LR
334 3508 366 3544 ao
384 3508 465 3546 serua
483 3510 497 3545 r
516 3492 558 3546 ed.
589 3495 594 3562 Ι
627 3508 685 3546 uou
703 3508 743 3546 me
757 3492 864 3561 piyebit
883 3491 926 3544 ed.
1018 3495 1051 3544 13
1070 3490 1207 3559 uecfiupe
1225 3488 1278 3541 LR

262 3579 332 3615 corr.
350 3580 372 3615 r.
408 3563 414 3632 l
446 3580 530 3632 aeque
557 3564 683 3687 ⁶miufffi⁸
709 3563 752 3617 ed.
864 3567 976 3616 1o-1s
1004 3569 1036 3616 ut
1062 3567 1094 3615 iu
1116 3559 1169 3613 LR
1234 3565 1277 3613 ias

261 3632 328 3687 add.
344 3632 409 3686 edF.
484 3640 517 3688 16
535 3636 615 3689 cinai
660 3633 686 3686 R
703 3635 787 3689 iuuui
805 3634 849 3688 ed.
923 3637 956 3686 17
974 3630 1188 3687 concauitatelr
1232 3631 1275 3685 ed.

261 3713 318 3759 ias
342 3703 384 3757 ed.
404 3708 482 3773 post.
512 3707 515 3777 l
549 3705 739 3775 amississet
760 3704 816 3757 LR
838 3704 880 3757 ed.
905 3720 957 3759 ose
984 3719 1043 3756 nos.
1152 3706 1186 3755 20
1213 3717 1276 3757 cori·

261 3776 429 3899 iuuciioded.
540 3782 573 3831 23
592 3778 671 3833 uuna
686 3778 780 3846 pastio
799 3792 853 3830 om.
872 3775 937 3829 edl'.
1043 3779 1077 3827 26
1095 3774 1207 3829 colerem
1224 3771 1279 3825 LR

261 3867 282 3903 c.
303 3855 362 3903 eie
385 3889 390 3900 .
1280 3854 1282 3857 ⁴

1023 3934 1081 3991 ‘lb‘
