3250 4350
444 416 446 419 ·
559 449 562 455 ,
660 399 900 456 rnnnroosnr
1226 401 1292 465 307
1331 476 1335 483 ι

273 570 367 642 riapcs
396 573 422 627 61
448 571 544 628 tristia
572 569 650 628 douo
678 575 745 628 oute
771 571 872 628 urbem
898 573 931 628 iu
958 570 1022 628 luco
1044 571 1115 642 taisi
1137 569 1293 630 Simoentis

273 659 316 716 ad
345 659 459 717 uadum
487 659 599 718 libabat
630 660 722 718 ciucri
752 658 958 718 Andromache
988 661 1141 732 mauisquc
1171 661 1294 719 uocabat

272 747 451 806 Hectoreum
477 747 518 806 ad
544 748 702 816 tumulum,
732 747 824 807 uiridi
851 765 935 821 quom
962 750 1084 820 caespite
1110 751 1231 807 iuoucm
1258 753 1346 809 ct305

270 839 415 909 yemiuas,
434 854 555 896 causam
573 837 712 905 lacrimis,
736 841 908 896 sacraverat
930 854 1015 895 aros:
1038 837 1166 911 quando,
1183 837 1292 912 inquit,

243 925 315 986 aad
334 925 482 984 Helenum
504 926 672 1002 pergebam,
693 926 774 1001 quod
797 926 898 984 decuit
920 944 1044 1002 gravem
1066 925 1173 1000 virum,
1191 929 1227 985 ut-
1245 929 1292 985 vir

272 1014 341 1072 viro
364 1015 511 1073 referente
534 1015 702 1074 desiderata
725 1033 944 1092 cognoscerem:
968 1015 1019 1074 sed
1042 1017 1164 1074 eventus
1188 1017 1292 1075 attulit

271 1103 369 1178 ipsius
387 1104 517 1178 primam
529 1103 756 1174 Andromachae
775 1106 990 1179 praesentiam3
1009 1122 1080 1161 nam
1097 1103 1172 1162 haut
1187 1105 1291 1179 procul

272 1211 292 1250 a
315 1193 442 1251 navibus
466 1193 629 1251 constituta
656 1194 689 1251 in
712 1193 778 1251 luco
803 1195 857 1269 qui
879 1197 963 1251 extra
985 1192 1139 1252 civitatem
1161 1193 1220 1251 fuit
1243 1193 1291 1250 de·

271 1281 378 1340 functo
396 1281 529 1355 Hectori,
547 1283 580 1339 in
603 1283 687 1340 cuius
709 1283 902 1341 matrimonio
926 1282 1069 1341 incolumi
1091 1283 1192 1357 patria
1205 1276 1290 1339 iene-

227 1370 372 1444 robatur,
394 1370 537 1429 reddebat
559 1372 646 1429 triste
670 1370 853 1445 obsequium.
898 1372 963 1429 illie
988 1371 1067 1430 enim
1094 1372 1291 1430 constituerat

270 1459 396 1517 inanem
427 1459 483 1518 hoo
515 1462 560 1518 est
592 1460 655 1518 sine
688 1460 790 1518 funere
823 1460 952 1518 hominis
984 1460 1135 1518 tumulum
1169 1463 1291 1535 propter

270 1548 466 1607 lacrimarum
489 1566 618 1622 causam,
641 1551 676 1606 ut
699 1551 785 1623 quasi
807 1549 965 1608 adversam
985 1549 1088 1606 mariti
1115 1551 1291 1608 memoriam

270 1655 419 1713 peragens
438 1638 623 1696 occasionem
641 1637 732 1695 fiendi
749 1637 874 1696 haberet
892 1639 923 1696 61
941 1657 1008 1695 eum
1023 1637 1062 1696 ad
1074 1637 1172 1696 tristis
1187 1639 1290 1714 epulas

270 1725 442 1785 advocaret.
488 1726 645 1801 descripsit
672 1745 738 1785 eam
765 1726 857 1785 fuisse
883 1729 916 1785 in
943 1727 1010 1785 luco
1034 1728 1064 1784 61
1085 1727 1290 1801 parentalibus

228 1835 255 1874 16
271 1814 425 1890 obsequiis
444 1817 628 1891 occupatam.
665 1816 820 1874 videamus
839 1817 941 1872 utrum
959 1817 1049 1890 poeta
1067 1834 1180 1874 memor
1198 1817 1291 1874 fuerit

270 1904 334 1978 sui3
371 1923 432 1962 non
459 1904 525 1962 vult
553 1904 632 1962 enim
660 1897 755 1984 (299)
783 1903 906 1962 Aenean
934 1923 1001 1960 cum
1027 1904 1152 1962 muliere
1184 1907 1290 1979 sponte

270 1993 457 2052 conseruisse
484 1993 676 2068 conloquium
704 1993 783 2068 quod
806 1994 923 2052 veniret
945 2012 980 2051 61
1004 1992 1199 2067 dispositione
1221 2013 1290 2068 pro·

268 2083 356 2157 prise
376 2081 554 2155 voluntatis3
577 2082 679 2141 debuit
702 2082 840 2140 atillam
863 2082 1002 2141 inducere
1025 2083 1155 2156 priorem
1177 2082 1288 2141 vidisse

269 2171 410 2244 Aenean,
438 2190 514 2246 qnae
543 2190 578 2230 ex
603 2171 726 2230 occultis
749 2171 810 2230 luci
832 2171 915 2229 iilius
938 2170 1045 2246 spatiis
1068 2172 1169 2246 potuit
1191 2175 1290 2248 prima

228 2278 255 2318 ro
269 2260 442 2335 conspicere
465 2262 641 2319 venientem.
686 2266 719 2319 ut
740 2279 798 2329 mc,
822 2262 935 2336 inquit,
963 2263 1110 2332 couspcait
1131 2263 1290 2320 omimtcm

269 2353 296 2408 61
320 2350 413 2407 Troia
437 2351 546 2408 circum
569 2368 655 2409 arma
678 2368 778 2408 amous
800 2350 887 2417 uidit,
913 2351 950 2406 ut
972 2352 1163 2408 consternata
1186 2369 1220 2407 ex
1243 2369 1288 2409 re·

267 2440 395 2512 pentino
425 2455 494 2495 casu
523 2457 674 2497 armorum
697 2438 894 2497 Troianorum
922 2438 1156 2498 consideratione
1180 2440 1289 2497 certior

266 2527 352 2585 facta
376 2529 430 2600 est,
452 2529 569 2600 maguis
592 2530 728 2586 crtcrrita
745 2530 884 2586 monstris
902 2528 1028 2600 deripuit
1044 2529 1111 2585 uisu
1129 2529 1161 2584 iu
1178 2527 1288 2585 medio:

265 2635 374 2674 revera
406 2618 572 2674 monstrum
604 2617 663 2674 fuit
693 2620 728 2674 ut
761 2634 820 2691 quo
852 2619 986 2690 tempore
1015 2615 1152 2675 Hectoris
1184 2634 1287 2675 manes

225 2704 459 2764 revocabantur
490 2703 528 2761 ad
559 2705 709 2763 tumulum
740 2703 857 2763 Aeneas
893 2707 1061 2780 insperatus
1099 2706 1288 2780 appanrisset

265 2795 359 2869 quasi
387 2796 417 2851 61
444 2794 508 2868 ipse
536 2793 702 2852 defunctus
748 2793 880 2870 deriguit
906 2796 973 2852 visu
1000 2794 1032 2850 in
1059 2793 1172 2852 medio:
1205 2796 1287 2852 ante·

265 2902 361 2959 quem
392 2882 480 2957 plene
512 2881 649 2957 vidisset,
679 2882 823 2958 deriguit:
861 2882 933 2957 quid
960 2884 1061 2941 autem
1089 2883 1219 2959 deriguit
1247 2884 1287 2942 sit

264 2971 413 3046 explanat
436 2971 627 3045 sequentibus
651 2971 745 3030 dictis.
779 2973 825 3029 ait
848 2971 939 3029 enim:
963 2972 1042 3029 66166
1064 2988 1132 3030 ossa
1153 2973 1285 3045 rciiquit:

264 3061 382 3136 quippe
405 3059 528 3117 turbata
550 3062 649 3118 mente
672 3060 783 3118 recedit
806 3060 895 3133 66161,
915 3061 1012 3119 661616
1034 3060 1189 3119 recedente
1213 3061 1286 3137 quid

343 3281 474 3335 1166611
493 3283 553 3336 luco
571 3300 585 3334 r
603 3281 748 3351 (etinfra).
804 3286 893 3349 equo
907 3282 960 3334 LR
973 3299 1061 3336 currir
1080 3284 1191 3351 quaudo
1206 3285 1248 3336 ed.

260 3360 279 3408 6
305 3354 355 3408 scd
379 3369 433 3406 om.
454 3353 497 3406 ed.
589 3358 603 3405 1
629 3359 679 3407 aut
696 3353 722 3405 R
743 3354 820 3406 baud
843 3370 864 3404 r.
957 3359 989 3406 12
1013 3354 1155 3408 aduersam
1173 3354 1225 3407 LR
1248 3356 1286 3409 ad

258 3441 360 3480 ueram
378 3442 399 3476 r.
485 3429 518 3476 13
534 3440 650 3493 pergeres
667 3423 719 3477 LR
734 3440 868 3493 perageres
886 3424 929 3476 ed.
1012 3430 1116 3478 17-18
1135 3427 1286 3479 ooiuutatis

253 3498 398 3567 propriae
416 3494 449 3547 R.
524 3500 557 3547 19
576 3496 653 3548 iliius
671 3493 693 3546 L
712 3495 800 3561 ipsius
818 3494 844 3554 R
863 3511 930 3547 corr.
949 3513 1012 3547 r=
1027 3496 1056 3549 L.
1081 3498 1084 3563 Ι
1106 3499 1214 3564 primae
1233 3497 1286 3549 La

251 3570 354 3639 prime
372 3583 388 3618 r
403 3568 498 3634 prima
516 3565 559 3619 ed.
619 3570 652 3618 21
672 3571 698 3619 61
715 3566 877 3632 confirmata
895 3565 947 3618 LR
967 3566 1009 3618 ed.
1024 3573 1056 3620 ut
1074 3568 1144 3632 couf.
1160 3585 1174 3618 r
1192 3585 1286 3621 amous

256 3636 405 3707 explicari
428 3638 507 3689 ratus
530 3642 562 3690 ut
584 3643 755 3690 coaeteruum
779 3635 887 3705 scripsi.
979 3643 1012 3689 23
1037 3638 1154 3707 diripuit
1177 3638 1219 3690 ed.
1245 3640 1285 3706 (et

255 3710 360 3777 infra).
447 3712 480 3760 21
500 3707 568 3775 quid
585 3707 638 3759 LR
656 3708 728 3775 quod
747 3708 789 3760 ed.
816 3711 820 3773 1
850 3714 940 3762 autam
959 3708 1078 3779 deripuit
1096 3708 1148 3760 Lu
1166 3725 1219 3762 om.
1240 3709 1284 3766 ed.

254 3786 296 3838 ait
318 3778 430 3833 addidi.
505 3782 538 3831 28
557 3779 689 3846 relinquit
706 3778 732 3830 R
751 3796 819 3831 corr.
837 3796 859 3833 1.

1016 3869 1070 3920 211*
