3250 4350
679 460 680 463 ¹
698 438 881 494 AllellDOS
898 438 925 494 11
963 479 966 483 -
1256 438 1319 505 181

298 611 428 672 ,vertera
474 610 507 665 in
534 608 600 683 ipsa
627 609 707 666 enim
735 610 824 683 porta
846 610 877 675 et
898 607 1070 684 frequenter
1092 608 1239 684 substitit,
1266 609 1323 667 hoc

305 700 352 756 est
378 696 480 771 lapsus
508 699 571 755 eius
599 696 728 772 inpediti
755 700 838 771 sunt,
866 698 897 755 et
924 699 1062 772 quotiens
1087 697 1119 756 id
1141 698 1255 757 laetum
1277 701 1324 764 est

304 787 416 844 totiens
440 804 475 843 ex
498 788 562 845 eius
580 788 670 845 utero
694 805 845 844 armorum
868 786 982 845 sonitus
1001 786 1065 846 dati
1084 790 1161 845 sunt
1196 805 1322 863 cumque

298 873 379 933 haee
401 873 507 934 fierent
529 877 560 933 ct
581 893 629 933 res
651 875 812 933 manifesta
834 892 889 934 nec
909 877 1009 934 mente
1026 876 1251 954 intellegeretur
1268 893 1323 934 nec

277 963 457 1022 svideretur
480 963 583 1038 oculis,
606 964 675 1023 inde
697 965 794 1040 magis
813 963 957 1042 gliscente
976 966 1107 1023 amentia
1125 964 1205 1024 unde
1223 964 1324 1040 potuit

304 1051 483 1110 insidiarum
505 1052 593 1129 prodi
616 1055 824 1127 commentum,
847 1054 960 1121 factum
984 1056 1029 1113 est
1051 1056 1140 1113 utin
1163 1053 1231 1113 sede
1253 1054 1323 1113 reli-

305 1141 390 1217 giosa
413 1142 542 1202 crudelis
566 1141 695 1201 fabricae
718 1141 852 1200 latebrae
875 1141 1078 1201 conderentur.
1119 1141 1199 1217 quod
1221 1144 1322 1201 autem

305 1232 350 1298 ait
373 1248 391 1288 o
413 1231 527 1306 patria,
557 1249 575 1289 o
598 1230 701 1290 divum
724 1230 830 1289 domus
851 1229 950 1306 Ilium,
968 1231 1024 1290 hoc
1044 1231 1199 1291 adst-nere
1217 1231 1322 1305 voluit,

304 1318 391 1395 illam
408 1319 564 1378 civitatem
582 1338 643 1378 non
661 1322 722 1377 iam
740 1319 872 1395 plurima
890 1320 1004 1395 templa
1022 1320 1186 1379 multorum
1200 1319 1322 1378 deorum

265 1406 453 1483 1ohabuisse,
477 1408 529 1467 sed
551 1410 723 1467 nniversam
745 1408 900 1483 templum¹
915 1410 1007 1468 iuuisse
1029 1412 1213 1469 cunctorum.
1255 1412 1323 1467 tune

306 1498 394 1556 eiam
424 1499 497 1571 setta
528 1499 622 1571 aperit
651 1496 824 1556 Cassandra
855 1500 967 1571 futuris
996 1515 1050 1558 cra
1080 1499 1126 1557 dei
1152 1501 1237 1557 iussu
1263 1514 1323 1557 noe

305 1603 446 1659 unquam
463 1586 574 1646 credito
588 1587 723 1645 Teucris:
741 1587 874 1661 accessit,
892 1588 1000 1662 inquit,
1018 1588 1057 1645 iis
1076 1587 1212 1651 omnibus
1231 1586 1322 1645 etiam

305 1675 494 1734 denuntiatio
523 1673 719 1750 Cassandrae,
747 1694 824 1751 quae
853 1679 977 1751 accepta
1002 1695 1063 1735 non
1091 1679 1150 1751 est,
1179 1676 1251 1752 quia
1276 1694 1322 1734 re-

305 1782 416 1840 sponsa
443 1767 506 1824 eius
534 1766 655 1824 fuerant
677 1764 827 1839 Apollinis
850 1766 980 1824 iussione
1004 1766 1153 1825 damnata.
1198 1782 1253 1823 nos
1275 1764 1322 1823 de

264 1874 291 1911 15
306 1854 392 1911 lutra
422 1854 508 1925 deum
536 1856 649 1922 miseri,
680 1855 784 1924 quibes
813 1853 935 1913 ultiones
964 1859 1036 1912 esset
1064 1855 1113 1913 ille
1140 1855 1216 1921 dies,
1246 1855 1322 1926 feste

304 1942 437 2001 celamus
458 1944 572 2017 fronde·
579 1960 636 2017 per
662 1943 778 2001 urbem:
813 1945 914 2016 tanta,
941 1943 1053 2019 inquit,
1080 1961 1134 2001 nos
1162 1962 1216 2019 per
1242 1942 1321 2001 idem

303 2033 423 2107 tempus
451 2031 602 2091 dementia
630 2034 792 2107 presserat,
820 2034 855 2089 ut
881 2033 1046 2090 inminente
1070 2035 1173 2091 nostro
1196 2034 1228 2089 et
1250 2032 1321 2091 civi·

304 2121 378 2179 tatis
401 2123 491 2181 exitio
515 2122 603 2181 laetis
622 2120 779 2180 frondibus
797 2120 912 2198 templa
931 2122 1032 2180 omnia
1049 2123 1224 2199 tegeremus.
1262 2139 1322 2180 non

305 2208 382 2267 dixit
418 2213 625 2269 coronavimus
661 2211 787 2286 templa,
825 2211 877 2269 aed
908 2213 1050 2285 teximuS,
1086 2215 1120 2269 ut
1154 2210 1323 2270 ostenderet

263 2299 379 2357 rosetis
408 2299 554 2359 officiosos
586 2299 679 2358 fuisse
709 2301 795 2358 iuxta
823 2300 894 2359 deos
922 2300 974 2375 qui
1001 2303 1034 2357 in
1061 2300 1116 2358 illa
1143 2299 1226 2358 clade
1255 2318 1321 2358 cum

305 2388 381 2462 ipsis
404 2391 501 2447 essent
524 2388 688 2461 cultoribus
712 2390 848 2464 perituri

382 2478 507 2536 Vertitur
532 2480 643 2537 interea
671 2478 783 2537 caelum
810 2483 837 2536 et
862 2480 924 2536 ruit
947 2477 1060 2536 Ocecec
1083 2495 1141 2536 noe
1163 2478 1378 2535 'ineoleeeseso

303 2566 411 2623 umbre
432 2584 541 2638 mucce
564 2570 728 2640 terramque
745 2568 904 2640 pulsetque
926 2568 1204 2640 Myrmidonumque
1226 2566 1322 2624 dolos:

304 2655 434 2712 vertitur
465 2655 580 2713 caelum
611 2659 641 2713 et
672 2657 735 2714 ruit
766 2674 832 2713 nox.
878 2656 934 2715 hoc
961 2657 1028 2715 vult
1056 2654 1209 2728 adludere,
1242 2654 1322 2730 quod

262 2745 425 2802 reversata
456 2744 559 2819 aliqua
590 2764 622 2802 re
655 2745 744 2803 cadat
776 2763 811 2801 ex
844 2764 879 2802 ea
911 2745 991 2820 quod
1022 2746 1201 2803 intrinsecus
1230 2745 1321 2802 tenet.

304 2835 423 2891 versato
452 2851 522 2910 ergo
552 2833 634 2891 eaelo
657 2832 737 2908 quod
760 2833 924 2909 praebebat
945 2835 1041 2892 lucem
1065 2834 1204 2892 tenebrae
1228 2852 1263 2890 ex
1286 2851 1323 2891 eo

304 2920 445 2979 continuo
469 2921 638 2981 oecidenmt
660 2923 717 2981 hoc
740 2926 786 2980 est
808 2941 867 2981 nox
890 2922 949 2981 diei
972 2924 1121 2995 successit,
1145 2925 1180 2980 ut
1201 2921 1321 2981 insidiis

304 3006 484 3069 Graecorum
503 3010 677 3088 suffragium
696 3030 815 3086 quoque
829 3014 968 3070 nocturni
981 3012 1123 3087 temporis
1138 3013 1319 3088 iungeretur.

303 3099 459 3158 involvens
479 3098 584 3157 umbra
601 3118 712 3176 magna
727 3104 897 3175 terramque
911 3101 1072 3176 polumque
1086 3100 1321 3175 Myrmidonum-

261 3207 290 3245 eo
305 3207 363 3262 que
382 3187 473 3252 dolos.
506 3189 675 3254 involutum
693 3189 820 3247 dicimus
839 3188 928 3264 quod,
946 3208 1014 3249 cum
1032 3192 1159 3266 apparet
1171 3191 1322 3266 primitae,

303 3276 411 3335 dehine
438 3279 575 3353 opertum
602 3279 722 3352 penitus
746 3279 900 3338 oculorum
926 3278 1131 3354 conspectibus
1155 3279 1320 3350 abiuratnr,

302 3365 440 3424 involuta
467 3366 561 3444 igitur
588 3365 665 3424 dixit
691 3367 804 3442 omnia,
833 3370 938 3444 utpote
967 3386 1042 3442 quae
1065 3387 1124 3427 non
1147 3368 1322 3426 viderentur

302 3452 517 3514 obsistentibus
540 3456 677 3515 tenebris.
723 3457 786 3528 fusi
803 3474 861 3529 per
883 3459 998 3516 moenie
1022 3457 1127 3515 Teucri
1151 3459 1318 3523 conticere,

301 3593 510 3600 -—--————-—

374 3683 391 3728 4
409 3679 558 3744 manifesta
577 3678 810 3746 Litmaaifestae
829 3678 873 3732 ed.
902 3681 907 3747 Ι
937 3679 1227 3749 intellepereeatur-b
1244 3678 1322 3731 oide-

301 3754 399 3802 reeter
416 3748 469 3801 LR
487 3750 530 3803 ed.
549 3754 637 3804 cetur
654 3765 712 3804 nes.
779 3755 812 3805 11
833 3753 923 3822 operit
937 3750 968 3806 n
986 3767 1061 3806 corr.
1076 3769 1103 3804 r.
1171 3754 1212 3801 tt.
1229 3745 1349 3800 iiam»

297 3820 343 3871 her
360 3819 401 3870 ed.
475 3825 507 3872 31
527 3821 678 3876 atteretur
696 3821 747 3877 LR
770 3825 949 3883 durabitur
970 3824 1043 3881 edl.
