3250 4350
348 410 416 476 234
629 408 770 467 norem
786 410 962 466 manen
974 408 1082 465 vend.

347 578 455 639 dabilis
480 579 580 641 iaetus
607 580 666 641 diis
693 580 826 641 civemn
851 580 965 641 flustra
990 597 1092 639 moror
1117 578 1258 655 inlusa,
1287 577 1367 657 quod

346 668 396 729 vel
426 687 506 729 nunc
536 667 709 731 iaciendum
739 671 786 729 est
816 671 886 746 post
912 670 1038 729 ircim
1057 666 1184 745 imperii
1213 668 1368 746 perditum

347 757 733 817 florem..·.
1000 797 1002 800 -
1320 806 1324 816 .

295 850 348 901 tto
416 847 506 908 Tulin
522 847 678 921 perstabat
686 860 877 908 sermons:
898 846 1062 925 perstabat,
1079 845 1287 922 inquietatis
1308 864 1367 906 ms-

348 954 476 997 morans.
521 938 656 1010 ficusque
680 936 832 997 mmebat:
862 936 951 1012 fixus,
978 936 1035 995 hoc
1062 937 1108 994 est
1133 934 1276 1007 inmobili
1303 952 1399 995 sen-⁵

348 1025 452 1085 wude.
497 1042 552 1085 nos
574 1028 676 1085 centa
696 1027 784 1100 offuso·
804 1027 951 1086 heims:
973 1044 1042 1086 cum
1063 1023 1160 1084 adhue
1182 1023 1367 1101 loqueretur,

348 1130 403 1175 nos
425 1116 531 1175 contm
553 1114 671 1175 dolores
693 1117 812 1175 nostros
834 1115 967 1175 hanania
984 1113 1147 1173 uberrimis
1169 1112 1367 1173 testabamur.

348 1205 532 1278 muneque
555 1203 683 1264 Creusa:
698 1222 760 1264 nec
776 1207 897 1264 tentum
919 1220 974 1263 nos
995 1222 1100 1263 verum
1122 1201 1215 1262 etiam
1238 1204 1368 1263 coniunx

348 1310 416 1352 mea
434 1291 553 1353 Creusa.
585 1291 792 1367 Ascaniusque
808 1295 959 1367 mancus
972 1293 1257 1362 dommuccensem
1271 1309 1368 1353 mess

349 1385 453 1442 cuncto
469 1384 559 1456 poter
580 1382 699 1456 scupus
718 1383 835 1456 maesti
852 1383 1017 1442 umere
1033 1381 1127 1441 cedd..
1159 1377 1308 1456 [adamat
1323 1383 1367 1441 ie.
1379 1399 1401 1440 s

349 1473 483 1544 ceptoque
505 1475 533 1530 et
552 1471 670 1531 sedibus
691 1472 790 1531 basset
810 1473 845 1530 s'ss
865 1469 990 1548 isdemJ:
1011 1469 1044 1529 in
1062 1469 1266 1530 obstinatione
1290 1471 1367 1530 senis

349 1558 553 1618 tractabamus
576 1578 678 1620 omnes
701 1563 732 1620 et
753 1560 849 1637 ipsius
868 1576 971 1620 casum
988 1561 1024 1619 et.
1036 1559 1203 1636 perieulum
1220 1562 1367 1619 nostrum

349 1648 525 1728 fugiendum
552 1649 665 1726 quippe
691 1650 804 1709 fuant}
839 1649 896 1709 boc
923 1649 1081 1726 provenire
1111 1645 1176 1707 sine
1206 1646 1276 1725 ipso
1308 1667 1368 1708 non

349 1741 463 1814 posset,
489 1738 635 1798 remorari
662 1739 726 1797 sins
752 1737 1073 1814 periculo.quomodo,'
1091 1736 1146 1797 ubi
1166 1736 1286 1796 malurn
1308 1736 1366 1796 evi-

350 1825 422 1887 dens
448 1825 529 1887 fuit?
572 1827 684 1887 idcirco
711 1826 869 1904 flebamus,
896 1847 934 1887 ne
960 1826 1013 1887 ille
1034 1825 1067 1885 in
1089 1825 1194 1886 cadem
1216 1827 1399 1886 sententim

246 1982 250 1987 ,
349 1915 514 1991 perdurans
541 1918 723 1977 consentiret
752 1916 895 1977 advenae
922 1917 1062 1976 fortunae
1088 1917 1120 1974 et
1146 1931 1247 1974 secum
1272 1915 1367 1975 omnis

350 2023 404 2064 nos
435 2006 547 2065 faceret
578 2007 710 2065 interire.
761 2024 796 2066 ex
827 2006 912 2065 illius
929 2007 1039 2084 igitur
1069 2004 1228 2064 voluntate
1260 2004 1367 2064 salutis

228 2110 232 2117 ·
298 2128 301 2135 -
350 2095 483 2152 omnium
511 2097 609 2154 status
630 2095 769 2170 ratioque
790 2094 953 2171 pendebat3
985 2113 1053 2153 cum
1075 2095 1141 2170 ipso
1165 2094 1247 2151 enim
1269 2093 1368 2152 fuerat

349 2184 537 2242 moriendum
560 2204 651 2260 quem
673 2184 825 2245 dimittere
854 2204 914 2244 non
941 2184 1060 2244 licebat.
1106 2183 1158 2242 sed
1184 2182 1251 2256 ille,
1281 2202 1367 2260 quem

349 2272 441 2330 fixum
458 2275 597 2332 tenuerat
614 2292 675 2331 una
694 2275 852 2349 sententia,
871 2276 925 2350 qui
943 2271 1148 2333 consentiebat
1165 2272 1238 2330 fatis
1257 2273 1367 2331 nostris
1379 2290 1400 2331 st

349 2362 381 2419 in
404 2364 536 2420 extrema
559 2363 759 2440 vergentibus,
781 2364 938 2422 voluntate
961 2382 1015 2422 sua
1037 2364 1141 2421 nostra
1162 2361 1291 2421 iuvabat
1319 2360 1367 2419 ad·

349 2470 441 2525 versa,
460 2470 521 2510 non
538 2451 621 2526 meis,
639 2470 699 2510 non
718 2470 810 2511 nurus
830 2471 909 2527 suae,
927 2472 988 2512 non
1006 2453 1133 2527 nepotis,
1151 2469 1212 2509 non
1233 2452 1368 2510 omniurn

349 2541 527 2617 largissimis
554 2540 674 2600 fletibus
701 2541 793 2600 flexus
821 2543 854 2600 in
881 2560 916 2600 ea
943 2543 1052 2599 mentis
1075 2539 1280 2600 obstinatione
1303 2558 1367 2616 per-

349 2631 461 2689 mansit
488 2632 669 2706 negavitque
696 2650 727 2689 se
755 2630 832 2689 velle
854 2630 956 2689 vivere
978 2632 1048 2705 post
1070 2628 1218 2688 excidium
1240 2628 1367 2704 patriae.

297 2718 464 2777 655rursccs
491 2722 524 2777 io
551 2738 638 2777 armo
665 2721 744 2792 feror
770 2724 945 2792 mutesque
971 2721 1154 2777 memmae
1176 2721 1252 2790 opto.
1298 2735 1401 2777 namu

350 2808 426 2880 quod
445 2808 598 2866 cous-ilium
613 2813 665 2867 cut
678 2827 753 2881 quae
766 2811 828 2867 iam
841 2811 963 2882 fertum
976 2807 1123 2867 dabatur?
1150 2806 1209 2865 tali
1222 2807 1368 2867 existente

350 2898 446 2971 patris
468 2895 528 2955 mei
551 2899 707 2971 sententia,
731 2916 798 2955 cum
821 2896 957 2975 fugiendi
976 2916 1042 2973 spes
1062 2894 1248 2967 concidisset
1267 2914 1367 2955 rursus

351 2985 397 3043 ad·
418 3005 502 3044 arma
529 3004 686 3045 conversus
715 3004 789 3045 sum.
836 3005 907 3045 nam
934 2986 1008 3061 quid
1035 2988 1101 3045 erat
1126 2986 1160 3043 in
1189 2984 1247 3043 tali
1280 3002 1369 3044 causa

350 3074 533 3147 faciendum,
561 3076 620 3134 nisi
640 3078 682 3133 .ut
704 3075 735 3133 id
758 3076 887 3134 facerem
911 3075 992 3150 quod
1013 3075 1139 3134 adversa
1161 3074 1287 3133 fortuna
1309 3072 1368 3132 dic·

351 3161 457 3221 tabat?
495 3164 641 3238 amabar,
660 3166 768 3240 inquit,
786 3168 913 3223 mortem
931 3166 1032 3240 potius
1051 3164 1206 3237 exoptans,
1226 3165 1369 3238 quoniam
1380 3179 1402 3221 so

351 3269 491 3328 oppresso
528 3254 622 3313 tantis
659 3253 793 3322 cladibus
828 3254 893 3312 vita
926 3251 1110 3329 displicebat.
1162 3269 1230 3310 mcc
1263 3253 1369 3326 ecferre

425 3446 440 3492 9
460 3447 543 3495 cetere
562 3440 587 3493 R
606 3456 674 3493 corr.
694 3458 715 3493 r.
770 3446 803 3494 10
819 3440 1012 3509 patefactoque
1030 3438 1085 3493 LR
1103 3455 1173 3493 corr.
1193 3456 1215 3492 r.
1232 3441 1237 3508 l
1253 3440 1370 3509 abaepd

352 3543 385 3551 —
398 3517 429 3564 11
450 3513 535 3566 isdem
553 3512 633 3565 deest
651 3512 681 3565 in
699 3511 759 3578 LR,
779 3512 830 3565 sed
848 3511 1023 3580 explicatur·
1117 3516 1151 3563 13
1169 3511 1220 3565 bec
1237 3509 1292 3563 th
1310 3526 1369 3565 cust

351 3584 400 3637 boc
418 3600 439 3634 r.
496 3588 530 3636 14
549 3584 681 3651 quomodo
695 3583 748 3636 th
766 3600 810 3652 qu.
823 3589 915 3651 posset
928 3583 972 3636 ed.
1028 3586 1061 3636 16
1075 3597 1166 3636 secum
1179 3580 1233 3634 LR
1245 3598 1275 3636 se
1288 3587 1314 3636 et
1326 3580 1368 3635 ed

407 3658 439 3707 19
458 3655 595 3708 demittere
612 3653 665 3706 LR
683 3671 752 3708 corr.
771 3671 786 3706 r
804 3654 848 3707 ed.
922 3659 956 3707 22
975 3655 1028 3708 mei
1045 3653 1090 3707 ed.
1120 3658 1125 3717 Ι
1158 3659 1270 3722 nepotes
1287 3652 1317 3706 L.

351 3729 386 3777 30
405 3726 532 3779 arnmbat
549 3724 575 3777 lt
598 3740 667 3779 corr.
685 3743 747 3778 r=
762 3725 792 3777 L.
828 3728 832 3794 ι
866 3731 999 3795 exoptans
1021 3725 1153 3793 puniam
1175 3722 1222 3779 bis
1240 3741 1292 3779 ser.
1311 3722 1367 3778 bil

405 3801 439 3849 31
459 3812 534 3849 mene
551 3796 651 3862 ecferre
668 3796 690 3849 L
709 3813 750 3850 mc
768 3798 888 3864 necfcrre
906 3796 932 3849 It
949 3812 1025 3851 mette
1042 3796 1144 3862 referre
1161 3813 1186 3850 r.
