3250 4350
662 385 845 441 AENEIDOS
863 385 889 440 V
1218 384 1284 449 487

261 555 348 628 quit,
371 553 438 627 fuit,
463 573 538 630 quae
563 556 634 630 quia
657 573 717 613 non
739 557 841 630 potest
863 555 947 613 aetas
969 555 1036 628 ipsa
1059 554 1124 631 regi
1141 573 1195 628 per
1212 570 1285 628 sese,

261 642 447 719 adiungitur
466 645 493 700 ei
512 645 610 702 custos
629 647 660 703 ct
678 662 774 702 comes
790 645 843 719 qui
856 642 1029 718 inpuberem
1045 661 1105 701 non
1122 641 1284 702 recedendo

263 734 399 791 tueatur.
442 736 468 790 et
484 733 576 804 adara
594 734 637 793 sie
655 735 738 807 fatur
756 733 796 791 ad
815 751 932 791 aarera:
953 731 1041 790 facile
1064 733 1143 790 enim
1166 731 1194 790 ei
1217 750 1284 790 con·

264 820 408 880 siliarum
438 839 558 879 suoram
586 826 699 881 secreta
726 821 872 880 fundebat
903 822 952 879 cui
983 839 1104 879 securus
1131 839 1215 896 spem
1241 819 1285 878 fili

222 929 243 971 o
265 911 469 969 commiserat.
515 911 589 969 eade
612 929 665 986 ape
683 915 710 970 et
726 909 866 978 Ascara'c,
889 912 917 969 si
938 912 1000 969 iam
1012 909 1129 982 peace
1141 913 1286 982 paratam

266 1016 377 1072 apraea
405 999 490 1057 babet
517 1016 614 1058 serram
646 1017 819 1073 earsaraaae
845 1001 986 1059 tastracit
1011 1015 1163 1070 eaaarara,
1190 998 1340 1056 dacattoo

266 1104 329 1146 aaa
346 1092 459 1146 tarmes
478 1092 504 1146 et
524 1105 585 1148 sese
603 1089 735 1148 ostendat
751 1091 784 1148 ire
802 1090 904 1155 armis,
927 1089 983 1157 dr'e,
1002 1089 1053 1146 ait.
1093 1089 1156 1161 ipse
1173 1104 1287 1146 marera

265 1178 357 1249 leaeo
380 1177 524 1236 discedere
547 1180 622 1237 eirca
635 1179 776 1251 ¹r‘asasrrra
788 1178 935 1251 poputum
953 1181 979 1236 et
997 1193 1114 1250 campos
1131 1177 1209 1235 tabet
1227 1193 1287 1234 esse

258 1268 406 1339 pateatis.
461 1269 573 1326 secreto
604 1266 721 1326 Aeneas
752 1268 947 1342 praeceperat
983 1266 1055 1341 quid
1088 1265 1186 1338 fieret,
1218 1283 1287 1323 cum

218 1377 248 1418 ιο
267 1354 425 1430 Epytiden
443 1357 590 1429 mitteret3
614 1357 748 1433 gratiora
762 1357 842 1415 enim
861 1358 931 1415 sunt
944 1374 1021 1431 quae
1035 1354 1075 1412 ad
1088 1355 1286 1428 spectantium

268 1442 376 1502 oculos
399 1445 551 1519 insperata
575 1448 665 1521 atque
689 1445 845 1520 inopinate
867 1445 1054 1520 perveniunt.
1099 1443 1163 1518 ipse
1186 1446 1288 1501 tamen

268 1550 392 1591 omnem
414 1534 558 1609 populum
581 1533 665 1593 iubet
688 1534 724 1593 de
746 1533 844 1593 medic
865 1533 1029 1607 obscedere,
1053 1532 1104 1608 qui
1127 1550 1158 1590 se
1176 1531 1288 1606 passim

267 1621 365 1697 longo
384 1623 456 1681 circi
474 1624 572 1697 spatio
591 1622 752 1697 infuderat,
776 1624 810 1680 ut
829 1622 927 1697 campi
944 1622 1112 1682 vacuefacti
1134 1620 1288 1679 hominum

269 1708 408 1769 metibus
437 1711 539 1770 sutura
573 1712 729 1770 certamini
760 1710 886 1769 liberum
918 1711 1049 1787 spatium
1084 1710 1198 1768 darent.
1243 1712 1288 1768 irr-

218 1820 249 1881 uo
269 1799 379 1856 eeduat
395 1801 486 1871 paeri
502 1802 673 1873 pariterque
696 1805 763 1858 arete
789 1817 843 1859 ora
868 1803 1025 1872 pareatum
1047 1799 1171 1871 frenatis
1194 1800 1290 1858 taceat

268 1889 307 1946 ire
340 1889 433 1960 equis,
470 1905 540 1961 qaas
572 1891 666 1948 amaia
703 1891 797 1966 caretis
831 1889 1005 1948 Trinacriae
1036 1890 1146 1947 mirata
1181 1890 1342 1962 fremitttt

272 1975 437 2049 Troiaeque
459 1979 602 2036 iaceretur.
643 1979 777 2036 marcidas
799 1979 833 2036 ia
854 1994 964 2035 marem
981 1981 1066 2035 tensa
1083 1994 1165 2036 cama
1182 1994 1289 2049 pressa

268 2081 399 2136 carcaa·
428 2081 533 2125 caraea
563 2067 633 2125 birra
660 2069 760 2140 ferrat
780 2068 919 2140 praefica
947 2067 1067 2124 hastilia
1096 2068 1188 2140 ferre,
1212 2083 1289 2138 pars

269 2154 347 2214 terris
369 2171 469 2214 amaa
486 2155 654 2228 pharetras,
675 2158 699 2216 r't
716 2160 832 2229 pectere
853 2171 966 2215 samma
989 2155 1096 2228 flexilis
1118 2155 1221 2214 obtorti
1233 2171 1290 2228 per

218 2267 251 2309 eo
270 2242 381 2303 aeliam
399 2245 524 2302 circatas
542 2248 625 2304 aarr':
643 2247 850 2321 processerunt
866 2246 953 2320 puen'
971 2244 1008 2303 ad
1028 2262 1174 2319 campum,
1188 2260 1290 2302 omnes

270 2329 391 2407 equites
415 2333 539 2393 frenatis
563 2336 648 2409 cquis
675 2334 837 2410 splendidi,
865 2333 1022 2393 constituti
1049 2332 1104 2392 sub
1132 2334 1290 2408 parentum

270 2419 385 2495 caralis,
414 2439 481 2480 cum
503 2421 582 2481 ludis
609 2424 683 2498 ipsis
708 2426 889 2499 spectatores
915 2424 1100 2481 interessent.
1146 2421 1291 2480 fremebat

270 2508 373 2568 omnis
387 2509 548 2569 multitudo
561 2513 749 2587 populorum,
766 2512 823 2571 hoa
838 2515 883 2571 est
900 2512 947 2571 his
966 2510 1170 2570 incedentibus
1184 2512 1290 2569 freme-

272 2598 352 2657 bant
370 2601 432 2656 tam
452 2598 574 2658 Troiani
593 2619 682 2675 quam
701 2602 792 2661 etiam
808 2600 910 2659 Siculi.
946 2601 1044 2660 cultus
1063 2619 1165 2658 corum
1185 2598 1290 2658 debinc

218 2710 252 2753 ,a
272 2685 470 2745 describitur:
494 2706 603 2763 omnes,
622 2689 730 2763 inquit,
749 2692 861 2749 attonsi
876 2692 906 2748 et
920 2690 1063 2762 coronati,
1076 2687 1149 2746 bina
1162 2689 1290 2747 ferentes

270 2777 391 2835 ferrata
413 2775 536 2835 hastilia
558 2794 664 2836 corneo
692 2778 789 2855 ligno,
818 2779 872 2836 olii
899 2780 1026 2855 sagittas
1053 2778 1163 2836 umeris
1185 2778 1290 2853 phare·

271 2868 400 2940 tuasque
423 2867 590 2939 portantes,
613 2869 644 2925 et
670 2885 764 2943 usque
788 2866 828 2925 ad
850 2886 997 2927 summam
1023 2867 1152 2942 pectoris
1175 2869 1291 2941 partem

272 2954 375 3013 aureis
399 2952 518 3012 circulis
541 2956 647 3013 ornati.
688 2956 745 3014 hoc
762 2956 876 3031 pariter
894 2955 930 3014 de
949 2954 1086 3014 omnibus
1105 2953 1292 3027 dictumest,

271 3042 384 3101 dehinc
401 3043 494 3101 refert
512 3040 622 3102 divisos
642 3062 703 3103 esse
721 3064 775 3120 per
792 3047 919 3103 turmas:
942 3048 1000 3103 tres
1017 3046 1145 3118 equitraa
1161 3060 1283 3102 ramam
1293 3053 1346 3103 odo

218 3154 253 3197 ω
270 3136 391 3190 tarraae
413 3131 542 3204 terraique
564 3136 711 3206 capaatar
734 3133 874 3201 dames,
891 3136 981 3206 paeri
1003 3134 1047 3192 bis
1069 3135 1133 3192 seat
1155 3150 1293 3206 quemque

352 3340 367 3385 1
387 3341 463 3387 aetas
476 3336 668 3405 transposed.
686 3338 690 3406 1
707 3338 769 3405 ipsa
782 3338 903 3407 repiper·
915 3336 1004 3392 seseL
1024 3339 1083 3406 rip.
1098 3354 1120 3391 e.
1134 3337 1193 3391 aa
1208 3354 1230 3391 r.
1243 3354 1294 3405 per

271 3422 301 3461 se
321 3404 414 3472 ipsam
432 3404 475 3457 cd.
553 3411 569 3459 3
588 3406 684 3460 cibit
706 3424 759 3461 om.
779 3408 823 3461 ed.
901 3409 1038 3476 bpuertle
1053 3415 1160 3477 parata
1178 3407 1203 3459 R
1222 3424 1294 3475 perer

271 3476 323 3531 ille
339 3482 459 3543 paratus
477 3475 498 3528 L
517 3476 560 3530 cd⁴
639 3483 655 3531 6
674 3494 835 3547 cursumque
853 3478 905 3532 bit
922 3496 1069 3547 caraeque
1087 3479 1130 3532 ed.
1150 3480 1180 3532 et
1197 3494 1293 3532 omnes

271 3549 336 3601 fere
356 3545 440 3616 Verg.
459 3544 534 3601 libri.
626 3552 641 3601 7
660 3549 759 3603 dicatit
776 3549 805 3602 L.
897 3554 913 3603 9
936 3550 1011 3617 fieret
1033 3549 1086 3603 La
1107 3550 1168 3616 fieri
1190 3550 1295 3603 deberet

272 3618 320 3673 ed.
402 3621 435 3669 10
453 3618 537 3672 mitra
554 3618 597 3672 ed.
676 3624 709 3674 18
727 3621 851 3689 praefato
869 3621 913 3674 cd.
993 3625 1028 3673 24
1045 3621 1127 3675 etiara
1146 3637 1198 3674 om.
1214 3619 1257 3673 ed.

273 3694 310 3744 27
331 3686 372 3743 ad
390 3688 502 3742 amad.
571 3685 605 3743 28
619 3692 729 3758 pariter
747 3690 800 3744 ΕΒ
813 3693 920 3760 partim
939 3692 982 3745 ed.
1049 3697 1083 3745 29
1102 3708 1245 3746 aamerwa
1262 3690 1294 3746 L.

331 3762 368 3810 30
387 3764 522 3813 caecatur·
539 3758 586 3848 L'.
