3250 4350
720 409 904 464 AENEIDOS
922 409 935 462 I
1020 353 1023 357 '
1273 409 1337 473 105

317 580 445 657 augeret
480 579 721 652 admirationem,
757 578 934 654 iustitiaque
971 578 1053 637 dedit
1089 581 1187 656 gentis
1219 578 1337 638 frenare

317 667 472 743 superbas,
493 668 551 727 hoo
573 670 619 726 est
641 666 749 727 solam'
763 670 794 726 te
823 670 950 744 apparet
976 668 1081 726 florere
1107 667 1240 745 institia3
1267 687 1338 726 nam

316 776 373 832 pro
396 756 489 815 frenis
513 758 667 831 aequitate
690 759 800 832 certas,
829 760 864 815 ut
886 775 973 834 regas
989 757 1130 816 *homines
1154 756 1261 832 quibus
1284 775 1337 833 pa·

315 845 405 905 rendi
440 846 574 904 studium
609 848 719 904 natura
757 848 955 921 spontaneum
993 847 1161 924 denegavit.
1219 847 1338 906 frenare

287 938 421 995 sautem
457 953 527 994 cum
563 935 649 1010 dicit,
685 935 818 995 ostendit
854 936 974 1010 plenam
1006 937 1141 1013 gentium
1172 935 1337 1010 feritatem3

317 1042 524 1100 quaecumque
547 1026 627 1083 enim
649 1043 710 1083 non
731 1025 928 1084 succumbunt
945 1025 1072 1100 imperio
1090 1024 1220 1083 hominis
1238 1025 1336 1083 steno·

315 1134 386 1172 rum
413 1115 564 1189 potestate
591 1114 773 1191 franglmtur
796 1116 826 1172 et
849 1116 997 1190 coguntur
1018 1115 1117 1172 invita
1139 1115 1237 1172 facere
1259 1132 1337 1188 quae

317 1205 427 1278 sponte
450 1221 510 1261 non
533 1205 647 1261 curant.
693 1204 726 1260 in
748 1201 918 1262 hominibus
942 1205 1047 1261 contra
1069 1205 1127 1261 est:
1150 1202 1185 1260 fit
1208 1202 1337 1260 deterior

316 1291 366 1351 cui
396 1293 588 1367 extorquetur
615 1294 720 1350 contra
747 1295 888 1350 naturam
917 1291 996 1367 qnod
1024 1293 1108 1351 nesci
1134 1311 1195 1351 non
1216 1292 1337 1363 mansit,

273 1402 301 1439 1o
315 1381 394 1439 mali
415 1380 549 1439 homines
572 1399 633 1439 non
655 1379 788 1456 paribus,
811 1380 863 1440 sed
886 1379 1045 1441 contrariis
1067 1384 1259 1457 superantur,
1281 1381 1338 1439 hu·

316 1470 466 1527 manitate
497 1469 612 1529 scilicet
638 1471 770 1546 regentis
798 1472 829 1527 et
855 1471 1026 1544 voluntate,
1059 1488 1133 1545 quas
1160 1470 1193 1526 in
1219 1468 1337 1528 Didone

316 1558 411 1616 fuisse
434 1559 557 1637 collegit
579 1559 816 1634 sapientissimus
835 1558 976 1633 Hioneus,
995 1560 1047 1634 qui
1069 1559 1268 1634 vituperando
1291 1560 1336 1617 in·

319 1647 401 1705 colas
424 1649 455 1705 et
476 1646 707 1708 inhumanitatis
730 1647 882 1726 arguendo
900 1647 1045 1706 laudabat
1063 1667 1129 1706 eam
1148 1649 1231 1706 cuins
1249 1647 1337 1706 bene-

320 1734 390 1793 ficia
405 1737 585 1811 requirebat.
622 1754 688 1795 ecoe
706 1738 782 1796 facit
800 1737 839 1795 ad
856 1740 1044 1812 praesentem
1063 1755 1183 1795 oausam
1202 1739 1233 1794 et
1251 1737 1339 1796 docet

276 1843 303 1883 15
320 1825 569 1899 quemadmodum
597 1825 635 1883 ad
662 1825 860 1884 humanitatis
887 1827 983 1900 partis
1010 1825 1186 1903 redigantur
1213 1828 1244 1884 et
1266 1828 1337 1884 reti-

316 1917 449 1972 neantur
475 1915 602 1990 imperio
631 1914 739 1989 quibus
767 1914 949 1990 obsequendi
976 1915 1108 1973 studium
1135 1917 1247 1973 natura
1276 1933 1338 1973 non

316 2003 438 2061 tribuit
482 2006 627 2078 quantum
651 2003 690 2061 ad
711 2002 947 2063 benivolentiam
970 2004 1059 2063 ducta
1083 2007 1129 2062 est
1151 2003 1200 2062 cui
1223 2002 1338 2062 dictum

316 2095 378 2155 est:
412 2092 492 2167 quod
519 2093 574 2151 alii
598 2093 690 2151 frenis
713 2093 852 2169 inpositis
875 2095 1014 2151 nituntur
1036 2092 1152 2151 efficere
1174 2095 1210 2151 tu
1231 2093 1336 2151 huma-

315 2184 416 2241 nitate
445 2184 564 2257 conples
592 2185 623 2241 et
649 2182 766 2258 perficis
793 2183 931 2242 lenitate!
977 2184 1193 2260 principiorum
1219 2185 1337 2242 ratione

272 2292 301 2331 ao
317 2273 469 2346 confecta,
507 2270 613 2346 quibus
645 2271 782 2331 laudavit
812 2274 949 2350 reginam
981 2274 1013 2331 et
1042 2272 1207 2330 incolarum
1240 2291 1336 2332 mores

317 2362 521 2435 ferociamque
549 2362 636 2438 gravi
663 2361 779 2420 invidia
804 2361 951 2437 perfudit,
975 2380 1060 2420 suam
1083 2362 1186 2420 debuit
1207 2380 1337 2439 purgare

317 2468 491 2526 personam,
524 2468 601 2525 quae
629 2451 769 2528 purgatio
797 2450 836 2509 ad
863 2450 896 2509 id
921 2453 1090 2526 revocatur,
1122 2470 1159 2509 ne
1186 2452 1263 2509 iuste
1292 2453 1336 2508 vi-

317 2539 447 2597 deantur
468 2541 551 2615 passi
574 2540 757 2598 violentiam.
805 2540 895 2600 Troes
918 2545 943 2599 te
965 2543 1079 2601 miseri·
1109 2558 1199 2615 quam
1223 2541 1282 2597 cito
1307 2542 1337 2597 et

318 2646 411 2702 quam
435 2629 587 2687 evidenter
600 2631 755 2704 expressit
778 2631 809 2687 et
831 2648 990 2705 personam
1013 2632 1043 2688 et
1070 2631 1223 2688 fortunam
1251 2646 1337 2686 suam

274 2736 302 2775 25
318 2719 349 2775 et
383 2715 446 2775 eius
477 2718 637 2791 specialem
669 2716 916 2795 significationem
949 2736 1040 2792 qnam
1071 2717 1210 2795 rogabat!
1257 2716 1336 2792 quod

318 2807 422 2864 autem
450 2804 494 2863 ait
520 2807 636 2881 miseri,
666 2807 820 2865 ostendere
847 2806 946 2865 voluit
972 2807 1096 2865 miseros
1124 2807 1200 2864 nihil
1227 2806 1336 2865 audere

316 2895 452 2971 potuisse
470 2895 519 2954 vel
536 2913 623 2971 posse
642 2895 723 2971 quod
741 2896 904 2954 commodis
923 2894 1050 2954 Didonis
1070 2894 1209 2954 officeret.
1243 2898 1336 2955 ocutis

316 2986 418 3042 morto
436 2986 535 3043 emata
552 2986 625 3043 oeott
642 3001 771 3052 oramus,
789 2985 826 3042 nt
844 2987 1003 3060 appareret
1020 2984 1089 3042 illos
1109 2984 1147 3042 ad
1163 2983 1218 3042 illa
1236 2986 1326 3043 litora
1337 2984 1390 3034 525

316 3091 379 3130 non
402 3076 518 3147 sponte,
540 3072 592 3131 sed
614 3074 792 3133 necessitate
814 3091 878 3133 esse
901 3073 1023 3133 delatos.
1062 3091 1127 3131 ecee
1149 3074 1249 3131 totum
1270 3073 1334 3131 bre-

273 3181 302 3220 ao
316 3161 397 3221 vitas
420 3162 519 3220 tenuit
540 3181 595 3238 pro
613 3164 757 3238 temporis
774 3164 892 3224 ratione
911 3166 943 3222 et
959 3182 1014 3238 pro
1032 3180 1159 3238 persona
1176 3163 1334 3237 loquentis.

316 3252 427 3325 incipit
448 3252 509 3308 iam
533 3269 648 3309 summa
671 3252 826 3326 petitionis
844 3252 937 3311 simili
955 3251 1102 3310 brevitate
1121 3251 1254 3323 collecta,
1272 3253 1335 3309 tam

391 3443 407 3490 2
431 3444 547 3507 apparet
568 3440 634 3506 flore
656 3438 709 3491 LR
736 3456 762 3492 a.
780 3440 876 3506 florere
898 3438 1047 3493 LHman.
1071 3457 1085 3491 r
1108 3444 1232 3508 appetere
1255 3438 1297 3491 ed.
1330 3439 1333 3510 l

314 3510 455 3564 lautitiam
474 3509 516 3563 ed.
543 3510 548 3581 l
577 3526 643 3563 acm
662 3527 715 3564 om.
735 3510 778 3563 ed.
859 3515 982 3565 bemus
1000 3528 1053 3564 om.
1073 3509 1116 3564 ed.
1189 3514 1334 3578 tepente·

314 3597 399 3635 neam
419 3579 561 3652 deeepaoit
578 3580 631 3634 LR
648 3586 743 3650 sponte
760 3583 871 3652 oepaoit
888 3582 932 3636 ed.
1010 3587 1026 3635 6
1045 3582 1163 3636 bominis
1182 3597 1235 3634 om.
1255 3580 1299 3635 ed.

316 3658 419 3706 let—
428 3653 519 3719 faeere
533 3670 586 3707 om.
597 3652 640 3707 ed.
696 3652 899 3707 swroated.
957 3659 990 3707 13
1005 3654 1103 3708 Madet
1116 3653 1162 3709 ed.
1217 3653 1342 3707 ittocit

314 3723 370 3777 LR
389 3725 470 3778 tacite
488 3724 606 3778 ostendit
622 3723 663 3776 ed.
680 3724 755 3789 facet
770 3724 811 3780 ad
826 3741 879 3781 noe
899 3724 935 3781 cf.
957 3732 1021 3786 66⁵1.
1082 3731 1118 3783 ib
1137 3726 1312 3799 radlquator
1328 3730 1359 3778 at

312 3796 466 3848 retenentur
481 3794 521 3843 ed.
572 3799 608 3845 26
624 3794 728 3851 aude're
739 3795 766 3851 R
781 3815 853 3856 corr.
870 3820 891 3859 r.
950 3808 984 3861 31
1007 3804 1103 3863 simili
1112 3803 1176 3859 bia
1190 3816 1308 3858 summo
1326 3796 1377 3849 ed.
