3250 4350
546 474 548 480 Α
649 430 833 486 AENEIDOS
852 431 878 485 V
1213 433 1279 496 457

262 602 364 659 litora¹
377 598 482 659 coetu“
505 601 651 659 inmemor
669 603 716 659 sui
734 601 833 659 factus
852 600 1010 677 derogaret
1032 601 1124 660 etiam
1142 602 1281 660 ludorum

263 690 440 765 celebritati,
463 692 490 748 si
511 692 592 749 tanti
608 689 780 749 viderentur
799 689 839 748 ad
857 689 1012 749 subeunda
1031 693 1193 749 certamina
1213 709 1280 750 con·

262 781 392 854 venisse,
425 781 478 854 qui
514 799 581 838 eum
615 779 785 838 nominibus
814 781 875 837 suis
906 780 1073 837 enumerari
1104 781 1280 854 potuissent.

262 867 380 927 Aeneas
399 870 504 942 quibas
527 871 560 926 in
581 868 686 928 mediis
708 870 757 927 sic'
772 869 877 927 deinde
899 869 1025 927 locatas:
1046 869 1146 928 voluit
1163 868 1281 928 Aeneas

232 959 318 1019 ahos
343 957 477 1032 adloqui,
506 959 540 1016 ut
568 957 690 1016 hortatu
717 976 772 1016 suo
801 959 893 1016 etiam
916 957 1044 1016 volentis
1071 958 1229 1033 inpelleret
1252 961 1283 1016 et

262 1037 374 1105 scirent
396 1046 493 1105 labori
517 1065 569 1105 suo
593 1045 830 1106 vicissitudinem
852 1065 1009 1106 munerum
1036 1065 1099 1106 esse
1122 1056 1281 1122 praepara-

262 1140 335 1194 tam.
373 1138 493 1209 accipite
505 1137 576 1194 baec
590 1138 698 1194 animis
717 1137 864 1208 laetasque
878 1137 1018 1195 advertite
1031 1139 1154 1194 mentes:
1171 1155 1282 1212 magna

262 1224 422 1300 principia,
445 1243 521 1300 quae
544 1228 686 1299 pararent
708 1226 874 1300 praesentis
898 1225 937 1283 ad
956 1224 1148 1284 audiendumt
1172 1225 1282 1298 audite,

263 1315 372 1388 inquit,
395 1314 492 1389 plenis
512 1315 630 1387 animis,
649 1315 720 1389 quia
739 1315 820 1372 laeta
839 1316 911 1373 estis
929 1313 1036 1373 vestris
1056 1315 1191 1373 sensibus
1208 1315 1281 1373 meis

218 1426 249 1465 ro
264 1402 517 1462 insinuationibus
542 1404 700 1462 condituri.
741 1421 825 1463 nemo
849 1422 883 1463 ea
904 1405 957 1462 boe
978 1421 1098 1462 numero
1121 1404 1193 1462 mibi
1214 1407 1338 1461 non305

265 1493 392 1550 donatas
420 1493 523 1551 abibit:
556 1511 648 1567 quam
681 1492 740 1551 cito
773 1495 803 1551 et
836 1496 951 1568 quanta
977 1492 1125 1551 brevitate
1152 1494 1294 1550 mentem*

264 1581 404 1657 propriae
423 1580 615 1640 liberalitatis
635 1583 791 1657 expressitl
816 1584 847 1640 et
870 1582 997 1641 volentis
1016 1600 1134 1641 securos
1153 1581 1283 1639 reddidit

266 1673 296 1729 et
320 1671 372 1745 qui
395 1671 522 1729 forsitan
546 1670 631 1728 dubii
653 1673 798 1729 venerant
821 1674 850 1729 et
873 1673 980 1730 incerti
1007 1670 1193 1748 benignitate
1215 1673 1283 1746 ipsa
1373 1693 1376 1697 ·

264 1759 457 1818 liberalitatis
482 1777 552 1818 suae
576 1779 686 1836 magna
708 1760 876 1834 pollicendo
899 1760 1031 1818 firmavit
1059 1760 1195 1819 omnibus
1218 1779 1281 1817 mu·

221 1871 249 1910 15
265 1868 339 1906 nera
362 1849 509 1924 spondens
533 1867 586 1907 neo
611 1867 791 1923 quemquam
814 1849 952 1907 adserens
976 1868 994 1907 a
1017 1851 1077 1907 suis
1109 1850 1169 1907 fore
1192 1848 1284 1924 largi-

265 1938 398 1996 tionibus
427 1939 571 2012 alienum3
604 1956 671 1995 cum
702 1939 781 1996 enim
809 1937 874 1996 fieri
901 1957 960 1996 non
987 1940 1088 2014 posset
1120 1940 1155 1995 ut
1182 1955 1283 1995 omnes

265 2028 393 2086 victores
413 2029 582 2100 existerent,
605 2026 741 2085 omnibus
760 2029 863 2085 tamen
881 2026 1063 2085 donaturum
1081 2045 1112 2085 se
1135 2044 1198 2085 esse
1215 2044 1284 2101 pro·

265 2117 358 2190 misit,
382 2119 415 2175 ut
435 2119 465 2176 et
479 2117 607 2176 victores
628 2119 782 2191 sperarent
795 2117 940 2175 uictoriae
961 2115 1148 2175 commodum
1167 2117 1198 2174 et
1211 2115 1285 2175 victi

265 2208 378 2265 scirent
400 2224 462 2264 sese
486 2226 553 2264 cum
577 2206 739 2280 aliquantis
762 2206 936 2265 muneribus
959 2224 1133 2265 recessuros.
1173 2205 1286 2264 Gnosia

220 2318 251 2359 ae
267 2297 340 2354 bina
362 2296 436 2353 dabo
461 2297 553 2354 lenate
576 2296 676 2353 lacida
702 2297 781 2368 ferro
804 2296 920 2369 spicula
947 2295 1143 2368 caelatamque
1167 2298 1284 2367 arpenta

265 2387 345 2457 ferre
374 2385 533 2456 bipennem.
584 2384 717 2442 omnibns
743 2385 789 2443 lic
817 2386 872 2443 erit
899 2402 978 2443 anas
1005 2386 1107 2443 bonos:
1139 2382 1286 2456 omnibus

267 2475 320 2547 ait,
345 2474 441 2531 simile
465 2475 523 2530 erit
544 2472 666 2547 vaenum,
688 2473 854 2532 victoribus
877 2475 1004 2547 scilicet,
1032 2475 1063 2531 et
1089 2493 1145 2548 par
1171 2474 1204 2529 in
1227 2473 1285 2529 lar-

266 2564 382 2639 gitione
397 2564 547 2620 meritum.
585 2566 642 2621 tres
654 2565 794 2636 praemia
806 2565 901 2636 primi
915 2564 1069 2636 accipient:
1087 2565 1157 2635 tres,
1176 2560 1285 2636 inquit,

266 2651 416 2726 accipient
439 2653 573 2726 praemia
597 2652 651 2726 qui
674 2652 786 2710 fuerint
807 2654 906 2727 primi.
953 2654 1088 2725 flavaque
1111 2655 1200 2723 capnt
1221 2667 1286 2707 nec·

218 2763 249 2804 as
266 2745 364 2800 tcntnr
387 2742 481 2799 elica:
508 2740 571 2799 illic
594 2740 646 2798 ubi
669 2741 765 2800 omnis
783 2743 885 2815 posuit
902 2740 957 2799 hos
975 2738 1142 2814 aequaliter
1161 2758 1191 2798 se
1210 2738 1288 2797 dixit

265 2833 509 2902 muneraturum,
535 2830 584 2887 hie
607 2832 722 2905 excepit
744 2832 799 2888 tris
820 2832 910 2905 atque
934 2830 994 2888 illis
1018 2847 1142 2887 munera
1164 2828 1285 2904 pollice·

265 2923 318 2978 tur
348 2920 400 2994 qui
427 2918 517 2993 primi
546 2918 669 2977 existere
696 2920 877 2994 potuissent,
907 2920 964 2978 hoc
996 2920 1042 2977 est
1072 2917 1179 2992 quibus
1210 2918 1287 2976 alios

265 3009 441 3084 praevenire
470 3008 669 3083 contingeret,
700 3009 736 3065 ut
767 3009 901 3083 praemia
931 3007 1119 3082 perciperent
1146 3009 1177 3065 et
1205 3025 1287 3065 coro-

267 3116 348 3169 nam,
372 3098 486 3155 scilicet
508 3099 543 3154 ut
567 3097 696 3154 alterum
718 3097 836 3155 cederet
854 3097 1018 3170 commodo,
1042 3098 1170 3154 alterum
1189 3095 1286 3173 digni-

342 3249 450 3301 2tantn'
468 3248 521 3300 LR
544 3254 584 3302 tot
601 3248 645 3301 ed.
733 3254 832 3302 3enm
850 3264 903 3301 om.
920 3248 962 3302 ed.
989 3251 993 3317 Ι
1022 3249 1184 3301 numinibus
1202 3246 1232 3299 L.

268 3325 284 3372 9
306 3320 372 3387 ania
392 3320 464 3373 laeta
483 3321 547 3373 estis
564 3319 618 3371 LR
636 3336 720 3388 qanm
739 3319 846 3372 laetitia
865 3318 908 3373 ed.
925 3322 929 3389 Ι
949 3322 1015 3389 post
1033 3320 1157 3372 sensibus
1174 3334 1227 3371 ras.
1239 3333 1288 3371 sex

266 3391 429 3443 litterarum
447 3390 477 3443 in
496 3391 528 3444 R.
586 3395 619 3443 10
638 3391 778 3445 candiani
792 3390 817 3442 R
835 3390 999 3445 conditmL
1018 3391 1176 3444 immittitur
1190 3390 1233 3443 ed.

269 3466 376 3515 14-15
395 3479 545 3517 mamerano
555 3462 687 3529 ponderis
701 3461 754 3514 LR
771 3479 887 3516 manera
896 3463 1030 3531 pollicens
1048 3480 1062 3514 r
1080 3479 1114 3515 m.
1126 3461 1289 3529 promittens

268 3533 313 3587 ed.
334 3551 367 3584 m.
387 3533 523 3600 spondens
546 3550 605 3586 nos.
698 3538 731 3586 15
754 3533 813 3599 sare
838 3534 906 3603 lurp.
925 3534 947 3586 L
967 3533 1011 3587 ed.
1035 3534 1103 3603 larp.
1123 3533 1182 3599 sore
1201 3531 1233 3584 R.
1340 3594 1343 3598 ¹

270 3610 304 3657 16
325 3611 349 3657 et
367 3620 429 3657 cam
447 3605 520 3658 enim
538 3604 591 3657 LR
609 3609 635 3657 et
653 3602 707 3657 del.
723 3604 766 3657 ed.
832 3610 865 3658 18
884 3607 964 3659 atatis
981 3605 1012 3658 L.
1078 3609 1110 3656 19
1130 3620 1184 3658 esse
1202 3602 1223 3654 L
1244 3602 1287 3655 ed.

268 3693 324 3729 om.
339 3674 365 3727 R
383 3692 438 3729 sese
455 3692 514 3729 nos.
545 3678 549 3745 Ι
584 3676 751 3743 attracted.
844 3681 877 3728 22
897 3682 923 3730 ct
939 3677 1018 3731 victis
1035 3676 1101 3744 post
1119 3676 1220 3729 scilicet
1242 3689 1289 3727 ex-

269 3746 374 3800 cidisse
392 3746 511 3803 videtur.
587 3752 620 3801 25
636 3748 732 3815 poenit
749 3764 799 3801 nos
817 3747 839 3799 L
857 3764 908 3803 noc
927 3764 980 3801 om.
1000 3747 1070 3816 Rp.
1089 3762 1181 3801 omnes
1198 3745 1241 3799 ed.
1258 3765 1265 3814 ς

267 3821 318 3873 bos
337 3833 395 3871 nos.
