3250 4350
691 478 875 538 AENEIDOS
894 480 933 533 lll
1258 479 1324 545 293

307 649 426 724 egregie
453 646 612 723 descripsit
641 669 716 724 quae
743 649 956 727 navigantibus
984 648 1136 723 accidunt,
1168 668 1235 709 cum
1265 667 1324 707 uno

306 736 429 811 inpulsu
463 738 564 795 omnia
596 738 687 797 simul
720 739 867 797 elementa
898 738 1066 798 turbantur.
1112 740 1144 795 in
1172 757 1232 813 qua
1258 740 1326 814 ipsa

307 825 507 900 descriptione
535 829 565 885 et
592 828 713 886 initium
739 830 839 888 tenuit
866 832 896 886 et
923 830 1085 905 augmenta
1111 825 1269 902 descripsit
1294 829 1326 885 et

307 914 405 973 finem.
453 916 564 991 quippe
591 919 655 974 tum
683 918 757 976 mihi
785 918 939 977 caemdeus
966 934 1058 993 supra
1085 918 1178 991 capnt
1207 915 1326 975 adstitit

277 1003 404 1062 cimber
434 1004 555 1062 initium
588 1009 645 1079 est,
677 1006 784 1065 dehinc
810 1025 889 1083 quae
916 1008 1138 1081 consequuntur
1165 1004 1326 1064 ostendunt

309 1095 472 1169 augmenta
498 1093 672 1153 violentiae:
704 1098 823 1155 noctem
849 1096 1036 1170 hiememque
1063 1094 1170 1153 ferens,
1216 1113 1251 1152 ex
1278 1094 1325 1153 his

309 1200 427 1257 quoque
445 1201 522 1256 quae
541 1186 645 1242 exorta
663 1184 724 1243 sint
742 1188 897 1244 enumerat
914 1184 1059 1244 breviter:
1077 1183 1228 1243 inhorruit
1245 1182 1326 1241 unda

307 1270 453 1345 tenebris,
481 1274 624 1331 continno
648 1276 731 1332 venti
753 1275 983 1334 volvuntmare
1005 1291 1175 1351 magnaque
1198 1275 1325 1350 surgsmt

308 1377 448 1434 aequora.
484 1360 611 1435 dispersi
628 1363 777 1422 iactamur
795 1363 914 1441 gurgite
937 1366 1037 1436 vasto;
1061 1361 1226 1440 agebantur
1244 1362 1324 1419 enim

264 1468 292 1506 ro
307 1469 369 1506 non
393 1452 457 1507 arte
479 1451 656 1526 navigandi,
684 1452 735 1511 sed
759 1471 818 1527 qua
841 1453 1028 1511 diversorum
1051 1454 1209 1510 ventorum
1235 1450 1325 1509 flatus

307 1538 456 1615 urgebant
487 1539 643 1598 accedente
676 1543 768 1600 etiam
800 1560 835 1600 eo
868 1540 947 1616 quod
980 1543 1025 1600 ait
1056 1540 1209 1599 involvere
1246 1538 1325 1597 diem

307 1626 404 1685 nimbi
427 1630 457 1685 et
479 1645 536 1686 nox
559 1628 662 1687 umida
684 1631 799 1689 caelum
823 1630 957 1690 abstulit.
993 1647 1059 1689 ecoe
1078 1631 1140 1689 iam
1159 1630 1185 1687 si
1203 1631 1326 1704 possent

308 1715 425 1792 aliquid
448 1720 552 1775 contra
574 1720 719 1777 maiorem
742 1721 812 1792 vim,
835 1719 992 1795 providere
1015 1737 1075 1777 non
1097 1721 1251 1794 poterant3
1278 1720 1325 1775 tu-

307 1806 407 1863 lerant
434 1806 513 1863 enim
540 1806 619 1865 diem
646 1808 742 1867 nimbi
768 1809 825 1866 hoc
852 1810 898 1867 est
924 1811 1113 1867 removerant
1135 1807 1243 1881 lucem,
1267 1825 1326 1865 nox

264 1913 292 1953 rs
308 1913 428 1970 quoque
455 1895 558 1954 umida
586 1895 710 1956 obtentu
737 1897 870 1969 nubium·
889 1896 1082 1956 abiuraverat
1108 1896 1220 1970 sidera,
1249 1914 1325 1970 quae

308 1986 392 2043 viam
409 1985 441 2040 in
459 1983 598 2043 fiuctibus
616 1989 792 2046 monstrant.
818 1987 1017 2067 ingeminant
1039 1984 1175 2059 abruptis
1198 1983 1325 2043 nubibus

308 2074 394 2150 ignes
416 2073 473 2131 hoc
496 2075 542 2131 est
564 2074 682 2134 crebrae
706 2077 826 2135 fuerant
848 2076 1075 2150 coruscationes,
1099 2073 1188 2132 sicuti
1205 2073 1240 2131 fit
1258 2092 1326 2133 cum

309 2164 356 2222 est
375 2162 587 2222 elementorum
605 2184 715 2243 magna
733 2163 875 2225 turbatio.
905 2166 1071 2224 excutimur
1084 2182 1172 2224 cursu
1186 2166 1217 2222 et
1230 2163 1325 2223 caecis

309 2269 443 2310 erramus
469 2253 502 2310 in
529 2253 630 2312 undis:
663 2257 829 2314 excutimur
850 2254 1029 2330 ubicumque
1056 2255 1142 2329 ponit
1164 2252 1325 2330 Vergilius

266 2360 294 2398 so
308 2343 434 2400 nimiam
452 2341 526 2401 facti
544 2346 751 2404 necessitatem
770 2343 920 2420 signifieat
937 2347 972 2402 ut
995 2335 1040 2423 (1,
1056 2334 1135 2422 115)
1158 2343 1326 2416 „excutitur

308 2449 479 2505 pronusque
502 2433 646 2508 magister
664 2434 795 2493 volvitur
812 2435 845 2491 in
864 2431 980 2509 caput“‚
1000 2433 1072 2490 item
1095 2423 1141 2511 (2,
1157 2424 1235 2511 302)
1259 2449 1325 2504 „ex-

308 2520 407 2577 cutior
434 2517 563 2578 somno“.
610 2525 640 2580 et
667 2525 761 2582 caecis
790 2541 923 2582 erramus
949 2525 982 2581 in
1009 2520 1109 2580 undis:
1146 2538 1206 2578 non
1237 2518 1325 2577 undis

309 2609 415 2680 cascia,
438 2608 490 2666 sed
512 2608 694 2686 hominibus,
718 2612 805 2670 undis
829 2613 902 2686 ipsis
925 2629 985 2669 non
1008 2609 1191 2681 videntibuS,
1219 2610 1250 2666 et
1273 2609 1326 2682 qui

308 2697 393 2755 nullo
417 2715 483 2755 cum
508 2698 627 2759 adfectu
649 2700 852 2776 rapiebantur.
899 2719 1041 2774 erramus,
1068 2699 1177 2773 inquit,
1204 2696 1325 2773 pelago:

265 2803 294 2844 se
310 2787 364 2861 qui
387 2788 467 2845 errat
489 2786 520 2843 in
543 2787 714 2863 latitudine,
732 2791 780 2849 vel
803 2791 931 2848 maxime
955 2789 1065 2865 pelagi,
1088 2790 1119 2845 et
1141 2788 1208 2863 plus
1233 2786 1327 2845 currit

309 2893 400 2951 quam
423 2893 540 2935 necesse
563 2881 608 2937 est
631 2881 661 2937 et
684 2879 766 2937 inani
789 2878 891 2938 labore
915 2879 1090 2952 consumpto
1113 2876 1153 2935 ad
1175 2875 1326 2934 destinata

308 2982 370 3022 non
389 2965 532 3039 pervenit.
565 2968 629 3041 ipse
648 2967 727 3026 diem
745 2971 922 3042 noctemque
941 2970 1032 3044 negat
1055 2966 1220 3024 discernere
1243 2965 1326 3023 caelo

308 3071 363 3112 nec
379 3055 555 3112 'meminisse
578 3056 645 3113 viae
671 3056 769 3114 media
791 3057 952 3116 Palinurus
979 3058 1011 3113 in
1038 3055 1132 3114 unda:
1164 3054 1325 3113 violentiae

308 3144 404 3219 ipsius
436 3145 511 3201 mire
542 3145 688 3204 conclusit
719 3148 880 3224 augmenta
916 3145 1054 3204 adserens
1084 3147 1203 3203 tantam
1235 3142 1326 3202 fuisse

263 3253 295 3294 so
308 3251 408 3290 rerum
441 3232 658 3308 confusionem,
689 3238 724 3293 ut
751 3238 815 3310 ipse
842 3235 1002 3293 Palinurus
1030 3234 1093 3293 dies
1121 3235 1260 3311 ageretur
1287 3251 1326 3289 an

383 3373 396 3419 1
417 3368 549 3422 accedunt
566 3367 618 3420 LR
638 3385 706 3423 corr.
725 3386 740 3421 r
758 3369 801 3423 ed.
897 3374 913 3421 6
932 3369 1069 3422 vicetiae
1085 3367 1139 3421 th
1157 3367 1326 3420 evidentior

307 3438 453 3492 violentiae
472 3437 515 3491 ed.
603 3445 637 3492 10
656 3457 711 3508 quo
728 3439 781 3493 LR
800 3441 843 3494 ed.
863 3441 930 3508 quia
949 3439 991 3494 ed.
1011 3442 1084 3508 post.
1167 3443 1200 3491 12
1217 3445 1327 3506 possent

308 3509 334 3561 R
349 3510 459 3578 possiet
476 3508 505 3563 L.
593 3517 625 3564 21
646 3513 778 3566 volvimus
796 3512 822 3565 R
841 3528 909 3565 corr.
929 3529 950 3563 r.
1024 3517 1058 3564 23
1077 3509 1162 3564 undis
1180 3510 1257 3577 ipsos
1274 3508 1326 3560 LR

307 3581 401 3635 undas
418 3582 495 3649 ipsos
513 3581 655 3636 edundis
673 3583 743 3650 ipsis
760 3599 811 3637 nos
831 3582 877 3651 (cf.
893 3589 917 3648 2,
928 3587 980 3636 463
1000 3582 1037 3633 ad
1055 3597 1150 3636 coecos
1163 3580 1236 3646 fores
1249 3579 1326 3647 quod

308 3651 483 3720 diciturque
501 3654 575 3706 euim
592 3655 683 3708 oculos
701 3655 797 3708 babere
811 3656 980 3722 potueram).
1045 3658 1080 3706 24
1099 3653 1199 3719 affectu
1216 3650 1269 3703 LR
1287 3651 1326 3717 ef·

307 3726 381 3790 fectu
394 3740 420 3778 r:
440 3722 511 3776 mihi
525 3723 612 3778 etiam
625 3731 651 3779 et
665 3727 714 3794 qui
727 3727 890 3794 suspectum
904 3727 948 3780 est
961 3726 1011 3795 qui
1023 3725 1103 3780 culto
1115 3741 1179 3780 caus
1187 3728 1337 3793 aspectum.

307 3794 513 3848 emendandum
528 3798 607 3863 puto,
664 3802 698 3851 25
717 3798 847 3867 quierat
863 3797 920 3854 LR
939 3817 964 3871 q.
980 3804 1090 3855 errati
1111 3796 1185 3866 qaia
1202 3799 1266 3850 erut
1283 3791 1334 3841 ab·
1346 3803 1364 3853 ‘u

292 3865 382 3932 plaffl'
394 3863 446 3914 tls
465 3881 532 3919 corr.
552 3883 569 3918 r
586 3868 629 3922 ed.
