3250 4350
554 440 568 462 ,ι
614 413 622 432 ’·
666 407 882 467 ΑΕΝΕΙΒο8,Ι
1240 409 1281 473 31

263 576 604 652 Aeoli,··Troianorum‚
627 576 781 653 penatium
804 577 962 651 victorum,
984 577 1119 652 Veneris,
1140 577 1283 652 Helenae,

262 665 391 741 Periere
409 665 569 742 Deiopeae
585 666 645 726 loci
663 669 785 742 propter
802 666 1002 726 mobilitatem
1022 667 1170 743 Tyrrheni
1190 668 1282 726 maris

264 758 294 815 et
320 754 430 814 Italiae
459 755 696 831 proximitatem,
728 757 871 832 temporis
903 775 988 829 vero,
1020 776 1057 814 ne
1088 755 1282 832 multiloquio

264 847 394 905 tractum
411 846 532 920 tempus
551 846 786 920 oportunitatem
804 844 931 904 nocendi
950 847 1160 921 corrumperet.
1199 845 1282 904 deni·

241 952 325 1009 sque
344 933 477 994 brevitor
496 933 573 993 Inno
597 933 776 993 desiderium
799 953 887 994 suum
908 938 1066 1009 prosecuta
1088 937 1143 1008 est,
1161 933 1282 993 brevius

265 1022 420 1099 respondit
441 1023 553 1083 Aeolus
577 1027 609 1082 et
630 1022 769 1100 promisit
791 1023 938 1082 effectum.

330 1112 416 1172 Hoec
438 1114 490 1172 ubi
511 1113 590 1173 dictu
613 1115 651 1172 et·
666 1115 765 1171 cetera
783 1131 861 1188 quae
876 1114 1058 1188 sequuntur:
1081 1112 1139 1171 hoc
1157 1115 1211 1186 est,
1229 1111 1282 1171 ubi

263 1202 339 1262 Iuno
358 1204 390 1260 et
407 1203 520 1261 Aeolus
537 1203 612 1262 haec
630 1200 777 1276 dixerunt,
795 1203 896 1278 coepit
913 1201 1025 1260 Aeolus
1038 1200 1120 1261 iussa
1134 1200 1281 1276 conplere,

264 1291 486 1366 quaefuemnt
507 1291 594 1350 haec:
616 1292 717 1348 incute
739 1291 802 1348 vim
825 1291 923 1349 ventis
942 1289 1170 1366 submersasque
1189 1290 1282 1349 obrue

227 1404 251 1443 so
263 1380 376 1456 puppis
399 1381 430 1438 et
452 1379 559 1438 dissice
588 1398 713 1456 corpora
735 1382 829 1455 ponto
852 1382 905 1438 aut
927 1398 984 1456 age
1011 1378 1152 1439 diversos.
1197 1382 1281 1455 pate

264 1470 337 1528 fecit
353 1467 451 1548 igitur
468 1469 581 1527 exitum
599 1470 697 1528 ventis
715 1471 747 1528 et
763 1468 912 1545 plurimos
930 1467 1020 1527 simul
1039 1471 1128 1543 atque
1147 1467 1283 1527 diversae

264 1561 401 1631 naturae,
418 1557 475 1617 hoo
493 1560 539 1616 est
556 1558 740 1616 contrarium
762 1557 863 1618 fiands
886 1560 977 1632 atque
994 1558 1191 1635 inpugnantis
1209 1575 1281 1632 sese,

264 1648 337 1706 fecit
364 1645 458 1720 exire,
484 1648 519 1704 ut
546 1645 774 1725 confligentibus
801 1646 882 1705 inter
912 1664 944 1705 se
975 1645 1114 1705 fluctibus
1144 1646 1281 1723 regendis

263 1734 392 1794 navibus
420 1735 578 1794 consilium
605 1754 665 1794 non
693 1737 867 1812 suppeteret
893 1738 924 1794 et
951 1733 1105 1794 deficiente
1132 1735 1282 1795 industrie

225 1845 251 1887 1⁵
264 1824 385 1883 facilius
407 1825 620 1904 mergerentur,
641 1823 747 1883 mersis
769 1824 896 1884 navibus
919 1842 1045 1900 corpora
1063 1823 1280 1884 dissicerentur.

264 1918 320 1972 aut
344 1931 408 1991 age.
432 1912 563 1973 diversos
585 1913 696 1988 inpleri
717 1931 778 1972 non
800 1916 910 1989 posset
932 1914 992 1972 nisi
1014 1912 1106 1988 venti,
1132 1915 1167 1970 ut
1189 1932 1280 1988 supra

263 2003 465 2076 dictumest,
491 2001 694 2080 inpugnantes
722 2019 785 2061 sese
813 2001 955 2062 decretos
984 2002 1129 2060 Troianos
1155 2020 1210 2076 per
1236 2000 1280 2059 di-

262 2110 351 2151 verse
370 2090 577 2150 distraherent.
620 2091 749 2168 denique
768 2091 813 2150 ait
829 2092 985 2150 incubuere
1002 2092 1081 2149 merl
1099 2093 1244 2163 uteunque
1261 2108 1282 2149 u

262 2183 383 2241 sedibus
404 2183 474 2240 imis
495 2200 558 2240 une
581 2181 740 2255 Eurusque
762 2180 913 2255 Notusque
933 2183 1027 2240 ruunt
1044 2181 1197 2253 creberque
1208 2196 1280 2253 pro-
1299 2189 1332 2237 86

223 2293 249 2332 eo
264 2271 345 2329 celtis
368 2268 500 2343 Africus.
546 2272 581 2328 ut
608 2271 699 2329 simul
727 2271 936 2346 conplerentur
959 2289 1035 2346 quae
1058 2270 1133 2329 Iuno
1156 2268 1281 2328 manda·

263 2361 364 2432 verat,
392 2361 518 2418 accessit
545 2360 583 2418 ad
610 2359 786 2418 violentiam
813 2361 906 2419 maris
929 2360 1058 2418 aliorum
1080 2378 1199 2435 quoque
1222 2360 1282 2418 ele·

262 2449 433 2508 mentorum
465 2448 638 2523 plenissima
669 2447 870 2525 perturbatio;
907 2447 984 2506 dixit
1014 2448 1124 2525 quippe
1152 2450 1282 2521 eripiuut

262 2539 359 2597 subite
382 2538 474 2595 uubes
492 2538 658 2610 coelumque
676 2538 808 2611 diemque
828 2539 1005 2597 Teuerenun
1023 2554 1058 2597 eu
1075 2539 1175 2604 oeulis,
1191 2541 1280 2610 poete

262 2644 333 2686 uoci
344 2626 466 2684 multet
488 2630 563 2686 auu.
601 2626 675 2684 haec
698 2626 770 2685 solis
788 2627 911 2685 'lenuis
930 2625 1099 2685 acciderant
1117 2629 1148 2685 et
1164 2627 1197 2683 in
1216 2626 1281 2686 solo

223 2737 249 2778 sa
263 2716 343 2775 mari
370 2716 490 2774 fuerant
517 2714 664 2773 tenebrae.
710 2715 847 2775 confusio
876 2717 986 2792 quippe
1014 2716 1228 2774 elementorum
1250 2718 1283 2774 et

264 2806 365 2863 lectra
392 2803 493 2881 pelagi
519 2804 611 2863 facies
639 2804 803 2863 sustulerat
830 2804 909 2863 diem
932 2804 1070 2863 uolans
1099 2807 1130 2863 et
1156 2804 1280 2863 caelum.

264 2892 468 2967 confunditur,
490 2892 599 2968 inquit,
626 2910 694 2951 cum
716 2893 847 2952 tenebris
871 2893 943 2968 dies,
966 2892 1154 2951 subtrahitur
1175 2893 1229 2952 lux
1251 2896 1284 2952 st

263 2981 371 3042 alienis
392 2981 577 3057 temporibus
599 3000 658 3041 nox
680 2982 841 3059 inportune
864 2982 1004 3056 succedit,
1023 3002 1060 3041 ne
1078 2985 1183 3040 centn
1201 2982 1283 3041 mala

263 3070 390 3148 reperiri
404 3071 574 3147 „consilium
602 3073 709 3147 posset.
756 3070 885 3148 eripitur
911 3071 1040 3146 caelum,
1066 3073 1102 3129 ut
1130 3090 1220 3145 quam
1247 3071 1281 3128 in

336 3302 352 3349 2
373 3296 492 3365 eloperue
510 3293 563 3347 Lu
581 3310 650 3349 corr.
668 3312 690 3347 r.
761 3299 777 3348 5
792 3299 938 3363 prosecute
956 3299 994 3347 eet
1011 3293 1033 3345 L
1050 3310 1093 3362 pr.
1113 3293 1182 3347 etit
1200 3294 1243 3346 ed.

266 3372 281 3419 o
299 3366 443 3436 respondet
461 3365 503 3419 ed.
615 3371 629 3418 7
649 3371 674 3421 et
691 3372 780 3421 cetere
798 3382 868 3435 quoe
884 3370 1037 3434 &quemue
1053 3380 1143 3431 usque
1162 3364 1198 3417 ad
1217 3380 1279 3433 per-

266 3438 334 3503 uene
355 3438 487 3507 pertinet.
597 3443 613 3492 8
636 3437 702 3492 baec
724 3436 777 3489 LR
799 3437 849 3491 boe
870 3435 914 3490 ed.
1026 3441 1057 3489 11
1077 3442 1103 3490 et
1126 3452 1180 3489 om.
1200 3434 1243 3489 ed.

269 3513 299 3561 lt
317 3509 412 3563 meua
430 3507 484 3561 bit
501 3514 578 3563 eiu.
598 3508 641 3562 ed.
730 3512 763 3562 17
782 3508 911 3563 euacua
933 3508 1068 3562 Troiaeue
1085 3506 1137 3559 Lu
1159 3506 1204 3561 Tr.
1223 3506 1279 3560 die·

268 3586 369 3647 cerptoe
386 3578 454 3634 edl'.
545 3584 579 3633 20
598 3579 715 3645 Afriesse
731 3578 796 3633 finis
814 3578 956 3632 lemmatis
974 3578 1027 3631 La
1049 3593 1102 3631 nec
1124 3576 1281 3645 quidquam

269 3648 382 3705 ultenus
406 3649 564 3721 explicatur
585 3666 676 3719 neque
699 3650 736 3715 ad
760 3651 889 3719 eripiunt.
981 3655 1015 3703 2‘1
1035 3656 1060 3703 et
1077 3649 1130 3702 LR
1147 3665 1182 3704 ee
1199 3648 1246 3704 ed.

271 3725 305 3775 28,
319 3738 382 3779 moe
399 3721 453 3775 ΒΕ
471 3738 527 3775 ucu
542 3739 559 3774 r
575 3738 633 3776 nee
648 3721 690 3775 ed.
718 3724 729 3791 l
760 3729 857 3779 eeeetre
877 3724 953 3780 neele
971 3722 1026 3779 LR
1052 3729 1093 3781 tot
1110 3721 1253 3796 iutexpos.
1268 3739 1298 3777 r.

315 3798 350 3841 29
365 3798 399 3842 ul
410 3791 465 3840 LE
479 3798 508 3843 et
522 3795 557 3842 ut
571 3791 612 3842 ed,
