3250 4350
711 470 894 525 icasmos
912 471 938 524 11
1271 470 1334 535 163

316 641 454 713 mactari,
477 641 592 698 alienus
616 641 731 699 scilicet
754 659 772 698 a
795 641 916 699 natione
939 638 1127 711 Graecorum.
1172 659 1238 700 ecce
1261 659 1334 716 quo-

316 728 405 787 modo
425 731 567 803 conponit
584 730 676 787 fuisse
694 748 879 805 responsum,
892 732 927 787 ut
944 748 1049 788 revera
1066 728 1217 788 videretur
1235 730 1333 787 inimi-

317 836 369 876 cus
389 819 453 875 eius
472 819 656 876 occasionem
670 817 837 894 repperisse
851 836 911 894 qua
925 838 991 877 eum
1007 817 1118 877 diceret
1131 818 1333 877 occidendum.

317 924 434 980 caesae,
466 906 580 981 inquit,
613 902 738 982 virginis
770 909 915 984 sanguine
947 908 1090 982 placastis
1117 911 1235 980 ventos,
1266 927 1333 965 cum

290 999 412 1056 siretur
436 994 473 1053 ad
492 995 621 1067 Troiam,
640 996 784 1072 sauguine
809 996 973 1071 quaerendi
994 995 1121 1054 reditus:
1144 997 1249 1071 utique
1272 996 1334 1055 alia¹

315 1087 402 1161 virgo
426 1083 529 1142 debuit
552 1083 647 1142 occidi
670 1083 707 1143 ob
730 1085 868 1158 reditum,
894 1084 954 1159 sed,
973 1087 1045 1161 quia
1067 1086 1099 1143 in
1122 1084 1251 1143 exercitu
1275 1085 1334 1143 viri

314 1172 524 1233 tantummodo
552 1174 683 1249 fuerant,
712 1173 789 1231 dixit
816 1174 907 1233 fuisse
934 1174 1028 1233 talem
1050 1176 1185 1249 responsi
1207 1177 1333 1250 partem,

315 1268 351 1320 ut
378 1263 441 1319 iam
463 1282 523 1321 non
547 1280 645 1336 sexus,
673 1262 726 1321 sed
748 1262 919 1338 cuiuslibet,
944 1262 1050 1322 Graeci
1073 1261 1241 1336 dumtaxat,
1264 1282 1333 1337 pro-

315 1350 468 1410 videretur
498 1351 646 1409 interitus.
692 1352 773 1425 vulpi
804 1368 880 1424 quac
910 1369 966 1410 vor
998 1356 1030 1409 ut
1062 1354 1141 1410 eruit
1171 1353 1211 1409 ad
1239 1355 1331 1417 ureris,

274 1463 301 1501 ro
314 1442 479 1513 obstipuere
501 1442 594 1499 auima'
613 1440 784 1515 putidasque
801 1458 858 1513 per
880 1442 941 1499 ima
963 1442 1092 1499 cauum
1114 1457 1181 1499 osso
1209 1445 1322 1503 tremor,
1334 1449 1385 1498 120

315 1532 363 1587 eret
386 1531 452 1603 fata
470 1532 587 1602 pareat,
611 1547 695 1602 quern
712 1534 818 1603 poscat
839 1527 960 1602 Apollo:
983 1548 1050 1588 cum
1074 1529 1184 1589 diceret
1202 1530 1332 1605 aliquem

315 1638 350 1676 ex
375 1618 511 1677 omnibus
535 1618 737 1687 occidendum
760 1638 821 1676 non
843 1619 975 1677 inaniter
998 1618 1151 1677 subiunxit
1178 1621 1332 1679 universos

314 1707 457 1766 metuisse
485 1707 678 1783 supplicium3
711 1708 892 1785 generalitas
920 1708 999 1766 euim
1027 1727 1116 1783 quem
1138 1708 1245 1766 fuisset
1267 1726 1332 1783 spe·

315 1796 433 1855 cialiter
454 1796 610 1872 proditura
633 1796 801 1855 habebatur
826 1796 981 1855 incertum.
1027 1797 1073 1855 bic
1095 1797 1216 1855 [dacus
1237 1802 1332 1856 uatem

273 1906 299 1946 rs
314 1902 422 1959 ruapuo
448 1884 609 1945 Calchanta
631 1886 757 1943 tumultu
774 1887 923 1959 protrudit
940 1888 973 1943 iu
990 1887 1107 1952 medios,
1127 1903 1202 1958 quae
1219 1888 1279 1943 siut
1297 1904 1332 1944 ea

313 1976 440 2033 uumtua
470 1974 570 2033 dirum
597 1976 725 2047 flacitei:
762 1992 829 2032 ecce
861 1979 982 2033 excusat
1010 1973 1216 2033 Calchantem:
1252 1994 1331 2032 nunc

314 2064 394 2120 enirn
418 2063 491 2121 dicit
513 2065 576 2122 vim
598 2081 729 2140 passum,
747 2067 781 2122 ut
805 2063 883 2121 falsa
905 2082 960 2138 pro
983 2066 1062 2123 veris
1081 2063 1201 2138 diceret,
1219 2065 1251 2121 in
1270 2082 1330 2139 quo

313 2155 381 2227 ipso
405 2156 436 2213 et
459 2170 477 2210 a
499 2169 626 2228 persona
650 2155 875 2231 argumentatus
899 2157 952 2225 est,
976 2155 1048 2229 quia
1066 2151 1174 2211 Ulixen
1198 2151 1331 2212 adseruit

312 2245 346 2299 in
373 2243 581 2318 perpetrandis
609 2242 768 2301 sceleribus
801 2243 959 2301 eruditam.
1006 2248 1033 2300 et
1058 2244 1130 2300 mibi
1156 2245 1217 2301 taur
1245 2244 1331 2300 multi

269 2355 298 2392 ro
313 2332 429 2389 crudete
451 2333 593 2391 cauebant
615 2334 737 2404 artificis
759 2333 854 2390 scelus
877 2336 903 2389 et
924 2334 1004 2390 taciti
1025 2337 1150 2390 uentura
1177 2331 1383 2390 uidebuut.125

313 2423 359 2477 bis
381 2423 485 2492 quinos
507 2422 572 2479 silet
592 2420 642 2478 dle
664 2421 726 2479 dies
749 2425 892 2492 tectusque
914 2426 1030 2479 recusat
1046 2422 1172 2494 prodere
1189 2437 1255 2479 uoce
1273 2438 1331 2478 sua

313 2527 487 2582 quemquam
509 2515 562 2568 aut
584 2526 727 2582 opportere
748 2511 843 2568 uaorti.
884 2512 934 2568 eir
956 2511 1074 2568 taudem
1096 2512 1212 2582 mapula
1234 2510 1330 2566 ltbaci

312 2599 489 2656 clamoribus
503 2604 584 2657 actus
599 2601 743 2671 conposito
761 2600 873 2672 rumpit
890 2615 985 2657 uocem
1004 2604 1030 2656 et
1046 2616 1093 2657 mc
1110 2599 1236 2657 deraret
1249 2611 1328 2656 arae·

312 2689 468 2746 adsensere
490 2705 588 2746 aures
611 2692 637 2746 et
658 2707 733 2760 quae
755 2689 811 2746 sibi
834 2690 954 2760 quisque
976 2688 1093 2745 timebat
1110 2690 1200 2745 uatus
1217 2689 1248 2744 iu
1267 2689 1383 2744 rui-130

268 2779 371 2837 asseri
395 2778 514 2834 crittuur
536 2794 674 2834 coarusa
698 2779 800 2835 tulere:
823 2777 854 2834 in
877 2779 944 2851 ipso
965 2776 1118 2835 mendacio
1138 2779 1243 2834 cautus
1262 2775 1329 2850 fuit,

312 2886 349 2924 ne
383 2864 490 2942 dignus
523 2865 674 2924 videretur
711 2867 763 2941 qui
793 2869 948 2941 pateretur
978 2865 1060 2924 talia.
1117 2867 1143 2923 si
1174 2865 1253 2923 enim
1285 2869 1330 2924 ita

311 2957 438 3028 vixerat,
461 2959 495 3012 ut
517 2957 614 3013 omnis
637 2973 705 3013 suos
729 2954 881 3013 habuisset
904 2954 1050 3027 inimicos,
1073 2973 1127 3013 nec
1150 2973 1168 3011 a
1191 2953 1329 3014 Troianis

312 3045 433 3102 veniam
456 3046 566 3101 meruit
588 3045 745 3120 inpetrare.
792 3044 890 3102 solum
913 3061 983 3120 ergo
1006 3043 1080 3100 dicit
1102 3044 1244 3102 infestum
1271 3043 1329 3102 sibi

311 3133 422 3190 Ulixen
454 3133 559 3206 fuisse,
592 3152 680 3207 quem
712 3133 792 3191 iusta
825 3152 860 3190 ex
892 3151 982 3190 causa
1018 3132 1130 3191 fecerat
1165 3133 1328 3190 inimicum.

266 3245 296 3284 so
312 3221 440 3279 Calchas
468 3221 546 3278 enirn
574 3225 605 3280 et
632 3226 750 3280 coactus
779 3222 851 3280 fecit
878 3224 908 3280 et
931 3222 982 3279 diu
1005 3221 1082 3278 nihil
1104 3221 1200 3280 voluit
1223 3222 1328 3294 dicere,

311 3331 346 3369 ex
365 3311 404 3368 iis
422 3312 524 3368 tamen
542 3329 618 3386 quae
637 3311 839 3369 insinuatione
857 3310 954 3369 Ulixis
975 3315 1130 3386 acceperat
1151 3330 1261 3388 magno
1284 3313 1329 3368 in-

311 3400 437 3458 solentis
461 3403 491 3458 et
513 3401 673 3474 perniciosi
695 3400 824 3459 hominis
847 3400 979 3458 tumultu
997 3403 1177 3474 provocatus
1196 3400 1271 3458 dixit
1290 3400 1328 3457 ad

310 3490 366 3546 illa
404 3487 548 3547 sacrificia
581 3488 700 3547 Sinonis
737 3491 913 3565 sanguinem
950 3489 1105 3563 postulari.
1157 3508 1215 3563 quo
1248 3489 1328 3547 facto

386 3719 419 3765 14
434 3713 583 3780 proditura
602 3711 654 3764 LIt
668 3713 842 3781 productura
861 3711 904 3765 ed.
993 3717 1029 3767 18
1049 3711 1180 3767 adseruit
1192 3710 1255 3762 tls·
1273 3725 1350 3760 asse·

309 3791 380 3840 ruat
393 3802 415 3849 r,
430 3783 477 3834 sed
492 3783 528 3835 ad
534 3784 654 3850 pellaces
668 3802 689 3837 v.
703 3789 737 3837 90
749 3784 880 3856 respicit.
946 3792 983 3841 29
1005 3783 1187 3856 feceratlrit
1200 3783 1281 3849 ferat
1300 3779 1352 3830 ab.

304 3861 341 3907 30
353 3855 424 3916 feert
437 3852 490 3903 ΒΕ
502 3854 565 3918 furt
580 3854 623 3908 ed.
701 3861 733 3910 31
757 3859 795 3915 iis
813 3858 871 3915 th
890 3861 938 3918 bis
957 3861 1032 3934 edi
1055 3861 1211 3928 acciperat
1225 3851 1302 3904 litt·

1095 3948 1158 4007 n·
