3250 4350
360 416 424 480 122
638 416 779 471 DONA'I'I
796 416 964 470 INTERPR.
983 415 1092 471 VERG.

349 585 412 658 'que
434 585 566 660 Pelespi:
599 585 727 661 quando,
751 584 859 661 inquit,
883 587 995 645 Teucer
1017 586 1121 661 pulsus
1143 586 1253 661 patriis
1277 587 1373 663 regnis

357 674 423 734 ibat
437 674 475 732 ad
489 692 598 734 novem
612 674 711 734 sedem
727 675 920 748 condendam,
934 676 1057 734 transiit
1070 694 1123 750 per
1140 677 1260 750 patrem
1278 693 1374 734 meum

353 766 390 822 et
417 766 572 839 susceptus
600 764 730 839 hospitio
758 764 878 824 rettulit
905 767 936 823 et
959 783 1060 824 casum
1083 764 1191 823 Troiae
1215 767 1246 822 et
1269 781 1374 823 nomen

350 856 442 912 ¹tuurn
471 855 501 911 et
524 851 704 913 Graecorum
731 855 1043 913 commemorationem
1069 853 1155 926 fecit,
1181 872 1220 911 ex
1247 873 1283 912 eo
1307 853 1374 912 novi

349 941 458 1000 omnia
481 945 512 1000 et
534 944 679 1000 memoria
701 945 793 1001 tenui.
840 943 982 1018 expositis
1006 944 1102 1020 causis
1125 944 1156 1000 et
1178 945 1304 1002 narrato
1332 959 1404 1002 ors

353 1031 426 1089 dine
453 1030 575 1090 fabulae
603 1031 689 1090 offert
716 1032 796 1091 ultro
822 1032 987 1106 hospitium
1009 1032 1153 1090 maiorem
1176 1031 1373 1091 humanitatis

348 1139 428 1180 suae
456 1122 586 1198 gratiam
614 1138 749 1196 sperans,
778 1123 805 1181 si
828 1120 973 1180 eiusmodi
995 1119 1172 1179 beneficium
1195 1138 1255 1179 nou
1280 1123 1374 1196 petite

304 1210 520 1268 earconferret.
566 1228 657 1282 quare
681 1213 765 1283 cpite,
788 1227 805 1268 ο
828 1213 916 1278 tectis,
937 1212 1065 1278 iwceaes,
1087 1211 1229 1268 succedite
1253 1212 1373 1269 metris:

357 1317 425 1357 cum
454 1298 527 1356 dicit
550 1317 642 1374 quare
666 1297 759 1377 agite,
787 1300 843 1359 hoc
866 1299 954 1357 debet
974 1298 1124 1376 intellegi:
1156 1315 1224 1356 cum
1246 1299 1372 1358 videatis

356 1407 416 1446 non
439 1405 492 1447 vos
515 1405 579 1446 esse
602 1389 786 1466 incognitos,
807 1392 881 1446 nota
905 1390 1007 1447 autem
1030 1407 1093 1448 esse
1117 1387 1199 1446 mala
1220 1391 1324 1447 vestra
1346 1390 1373 1446 et
1386 1406 1405 1446 io

295 1508 296 1512 =
356 1495 469 1535 morem
497 1494 561 1535 esse
588 1477 721 1536 familiae
749 1495 833 1536 meae
860 1481 896 1535 nt
924 1479 1045 1537 veniens
1065 1477 1175 1551 -hospes
1199 1479 1373 1552 excipiatur,

357 1566 447 1624 sicuti
465 1565 614 1624 Teucera
637 1568 722 1642 patre
745 1585 811 1626 meo
836 1569 989 1642 susceptus
1013 1570 1067 1640 est,
1090 1569 1156 1641 ipsa
1179 1584 1300 1641 quoque
1323 1585 1372 1625 vos

356 1656 444 1713 tectis
472 1656 546 1714 meis
574 1657 728 1731 excipiam.
773 1673 819 1714 me
846 1673 957 1729 qaoque
978 1672 1036 1728 per
1057 1655 1163 1713 multos
1185 1657 1294 1714 semitis
1316 1657 1373 1728 for-

357 1747 431 1802 tuuc
456 1744 570 1803 labores
596 1746 736 1804 iactatam
763 1746 818 1803 hoc
844 1746 961 1803 demum
987 1745 1080 1803 coluit
1106 1746 1261 1803 emisistere
1283 1749 1373 1804 terra:

357 1851 410 1890 nec
437 1832 562 1908 pudeat,
589 1833 702 1909 inquit,
731 1829 811 1909 quod
837 1836 958 1892 tantum
985 1851 1038 1892 vos
1066 1834 1218 1892 attriverit
1251 1833 1403 1893 adversari

357 1922 492 1996 fortrma3
530 1940 596 1981 cum
627 1925 707 1981 enim
736 1923 899 1981 intervenit
928 1924 1025 1981 maior
1053 1923 1113 1995 vis,
1146 1941 1241 1997 aequo
1277 1923 1372 1980 animo

358 2010 531 2069 sustinenda
550 2014 602 2069 est.
641 2014 739 2086 atque,
758 2015 792 2070 ut
815 2011 872 2070 hoc
894 2011 1095 2086 persuaderet,
1113 2012 1257 2087 proponit
1280 2031 1372 2070 exem-

357 2100 441 2176 plum
469 2118 555 2158 suum
583 2103 613 2158 et
641 2100 714 2158 dicit
743 2119 848 2159 causas
876 2099 1077 2159 miserationis
1101 2118 1180 2158 suae.
1228 2103 1275 2158 ait
1297 2103 1372 2160 enim

358 2192 388 2247 et
414 2208 475 2264 me,
504 2209 594 2264 quam
622 2189 730 2249 videtis
758 2191 843 2249 velut
870 2190 1000 2263 felicem,
1029 2189 1190 2264 aliquando
1213 2191 1371 2251 infelicitas

357 2280 475 2353 pressit,
497 2298 557 2353 qua
580 2281 693 2337 factum
717 2283 762 2338 est
785 2283 820 2337 ut
841 2282 955 2337 iactata
978 2299 1032 2354 per
1049 2278 1167 2338 infinita
1186 2279 1401 2338 incommodas

358 2367 396 2425 ad
418 2367 491 2425 haec
513 2368 579 2426 loca
602 2369 724 2426 fortuna
748 2372 871 2446 cogente
894 2369 1041 2443 perducta
1063 2369 1128 2442 sim,
1147 2370 1183 2426 ut
1205 2369 1371 2428 ostenderet
1403 2397 1405 2404 ·

358 2459 448 2515 etiam
481 2473 512 2516 se
544 2456 668 2516 invitam
703 2460 735 2515 in
767 2460 841 2533 ipsis
871 2457 1041 2535 regionibus
1069 2456 1169 2516 sedem
1197 2459 1370 2517 conlocasse.

304 2550 355 2599 630
365 2564 424 2604 eoa
446 2548 555 2620 ipamo
577 2546 651 2605 meti
673 2549 788 2605 miseris
810 2564 979 2606 succurrere
1002 2547 1095 2605 diseo:
1128 2564 1187 2605 non
1212 2547 1308 2622 disco,
1330 2549 1370 2604 in-

357 2638 436 2710 quit,
465 2638 610 2710 quantum
637 2634 771 2694 laborem
799 2637 966 2695 sustineant
994 2654 1068 2711 quos
1097 2635 1222 2695 adverse
1254 2638 1371 2695 fortuna

356 2725 556 2799 persequitur3
590 2723 681 2783 didici
714 2727 794 2782 enim
822 2725 910 2783 malis
937 2725 1011 2783 meis
1035 2724 1289 2800 quemadmodum
1312 2738 1399 2785 suo-u

357 2831 474 2870 currere
501 2815 617 2871 miseris
645 2814 776 2872 debeam.
822 2817 865 2873 sic
894 2818 1047 2882 memoret,
1074 2816 1163 2872 simul
1190 2813 1316 2874 Aeacon
1341 2817 1370 2873 ic

357 2903 438 2974 repta
462 2902 542 2959 ducit
564 2906 643 2970 teoto,
666 2904 755 2961 simul
778 2904 879 2961 dicum
903 2904 1016 2976 templis
1038 2904 1144 2961 indicit
1164 2904 1318 2963 honorem:
1339 2907 1371 2961 ut

357 2989 525 3048 ostenderet
552 2991 672 3065 plenam
699 2993 917 3069 benignitatem
946 2992 1052 3066 animi,
1081 2996 1111 3050 et
1137 2992 1264 3050 Aenean
1291 2994 1371 3051 duxit

357 3078 396 3136 ad
420 3078 541 3136 domum
564 3084 594 3137 et
617 3081 654 3138 ob
678 3083 741 3139 eius
766 3081 927 3139 adventum
950 3082 1093 3139 honorem
1117 3082 1237 3156 templis
1257 3082 1370 3152 indixit,

356 3170 393 3225 ut
416 3170 493 3226 esset
516 3168 635 3243 publiea
659 3171 823 3247 gratulatio
847 3174 876 3228 et
897 3170 935 3228 ad
954 3171 1127 3229 societatem
1145 3171 1274 3229 foederis
1293 3172 1401 3229 illiusu

357 3258 448 3314 etiam
471 3256 594 3315 deorum
616 3260 703 3317 favor
726 3259 885 3318 accederet.
925 3260 1031 3318 dehinc
1053 3260 1207 3318 moral'tcs
1231 3262 1371 3337 sequitur,

357 3365 417 3420 qua
431 3346 606 3405 ostendatur
624 3348 794 3406 humanitas
815 3349 913 3423 plena.
943 3368 1003 3406 non
1023 3350 1101 3407 enim
1121 3368 1221 3408 omnes
1241 3350 1370 3420 aderant,

358 3436 410 3492 aut
437 3438 568 3495 universi
596 3441 736 3513 poterant
763 3438 890 3496 Didonis
922 3438 1064 3496 interesse
1097 3438 1243 3497 convivio.
1290 3456 1369 3515 prae·

430 3597 443 3643 1
468 3609 508 3645 rue
532 3606 636 3660 quoque
659 3592 724 3658 post
748 3592 860 3660 Pelaspi
882 3589 1012 3657 interpol.
1037 3589 1080 3643 ed.
1105 3589 1159 3643 del.
1180 3590 1223 3644 ed.
1248 3594 1319 3659 post.

358 3663 532 3715 icoleadccc
551 3663 594 3715 ed.
625 3663 628 3733 t
659 3663 784 3729 patriam
802 3679 889 3715 arreum
910 3661 974 3714 edF.
1060 3667 1091 3712 11
1111 3662 1248 3716 uenientes
1265 3679 1311 3716 eos
1328 3678 1369 3715 ec·

356 3734 447 3800 cipiet·
465 3733 517 3786 LR
539 3734 674 3788 venientes
694 3734 816 3800 excipiat
834 3733 877 3786 ed.
900 3734 1010 3787 cerateas
1027 3733 1122 3800 hospes
1140 3734 1296 3801 excipiatur
1313 3749 1369 3786 nos.

411 3810 444 3856 22
464 3807 545 3859 etiam
565 3807 591 3859 ci
609 3804 633 3856 R
653 3821 721 3858 corr.
741 3822 761 3857 r.
836 3810 868 3856 31
889 3805 970 3870 febor
989 3804 1040 3856 LR
1061 3820 1129 3857 corr.
1149 3804 1170 3856 L
1185 3803 1212 3857 11
1225 3821 1300 3859 man
1319 3822 1340 3858 r.
