3250 4350
652 416 836 484 nunninus
855 417 894 471 111
1219 418 1286 484 345

264 605 356 662 quem
380 587 477 645 solum
500 587 554 646 sub
577 590 665 653 torva
688 586 786 646 fronte
804 587 949 645 latentem
967 586 1082 662 babuit,
1101 573 1287 647 caecaretur}

263 676 468 752 periculosum
487 677 550 735 ¹fuit
574 676 943 752 quamvisdormientem,
972 678 1108 751 quamvis
1136 678 1286 753 sepultum

264 765 338 840 vino
366 758 490 843 adgredi
517 765 677 839 violenter,
690 766 833 841 ·3precati,
861 767 975 840 inquit,
1002 765 1086 839 deos,
1109 768 1287 825 accessimus

256 855 358 917 ‚simul
389 854 522 929 undique
555 854 727 912 circumfusi
754 853 934 930 ¹adpetentes
971 873 1020 914 eas
1057 856 1189 930 corporis
1219 856 1287 912 eius

235 945 363 1019 spartis
392 961 466 1018 quas
495 961 716 1019 sumpseramus
745 943 900 1018 desorto,
934 943 1075 1018 quoniam
1106 963 1167 1002 non
1194 962 1288 1000 unum

266 1034 322 1090 aut
353 1031 451 1092 simile
484 1050 545 1091 esse
576 1032 743 1108 periculum
769 1033 883 1108 potuit,
915 1034 941 1092 si
969 1031 1094 1091 adversa
1122 1033 1288 1106 cessissent,

266 1121 354 1179 aliud
380 1122 440 1180 fuit
468 1140 570 1180 eorum
600 1123 653 1197 qui
681 1124 772 1197 caput
798 1123 935 1179 tenerent
967 1123 1020 1180 aut
1051 1139 1171 1195 manuS,
1192 1121 1286 1189 aliud

266 1229 372 1270 eorum
404 1211 457 1284 qui
489 1213 601 1270 ceteras
633 1209 809 1287 impetebant
841 1209 1042 1270 membrorum
1072 1211 1178 1286 partis.
1230 1210 1288 1268 hoc

265 1299 349 1359 facto
371 1298 594 1372 tenebravimus
619 1301 681 1359 eius
704 1301 805 1362 lumen
823 1300 885 1358 telo
905 1302 1001 1358 acuta.
1036 1299 1117 1376 qnod
1135 1301 1179 1358 ait
1198 1301 1287 1358 acuto

223 1412 251 1450 ro
265 1388 330 1448 telo
362 1387 597 1464 tenebravimus,
630 1389 815 1460 celeritatem
845 1389 921 1447 facti
947 1389 1044 1448 voluit
1070 1389 1288 1463 demonstrare3

265 1478 300 1536 in
323 1477 380 1537 boc
403 1478 482 1535 enim
506 1477 623 1548 consilii
647 1477 829 1538 consistebat
852 1477 987 1551 effectus,
1010 1497 1047 1536 ne
1069 1497 1153 1537 mora
1176 1478 1287 1536 facien·
1326 1521 1329 1535 2

266 1570 333 1625 tum
362 1568 392 1625 et
419 1566 505 1627 dolor
531 1566 663 1625 vulneris
692 1568 829 1641 quamvis
857 1568 989 1643 graviter
1016 1567 1213 1627 dormientem
1238 1586 1287 1626 ex-

266 1657 384 1714 citaret.
430 1656 574 1715 hocloco
598 1655 735 1716 nonnulli
757 1655 944 1715 terebramus
967 1655 1102 1731 tradunt,
1126 1655 1191 1730 sed,
1219 1674 1287 1716 cum

266 1743 430 1804 terebratio
463 1745 574 1804 habeat
602 1764 730 1820 moram,
760 1761 836 1820 quae
863 1745 923 1803 fuit
950 1745 1073 1804 inimica
1099 1745 1287 1819 facientibus,

225 1833 379 1896 remelius
402 1834 448 1892 est
470 1836 505 1892 ut
527 1834 588 1893 telo
613 1838 700 1904 acuto
723 1853 783 1893 uno
801 1833 884 1892 iactu
902 1834 1041 1893 videatur
1059 1853 1122 1893 esse
1141 1837 1287 1894 caecatus.

267 1922 352 1998 ,quod
384 1926 484 1981 autem
517 1924 560 1982 ait
593 1923 647 1982 sub
679 1925 777 1982 fronte
808 1922 925 1982 latebat
956 1923 1036 1998 quod
1062 1925 1167 2000 ingens
1195 1924 1287 1983 fuisse

259 2009 438 2087 dicebatur,
470 2031 565 2087 usque
598 2012 672 2088 adeo
697 2016 740 2071 ut
772 2012 838 2071 orbi
869 2013 958 2070 lunae
989 2012 1037 2070 vel
1065 2012 1137 2070 solis
1165 2013 1289 2086 aequari

267 2099 426 2177 potuisset,
444 2101 597 2161 faciebant
614 2119 707 2181 rugae
726 2103 830 2161 torvae
849 2102 957 2161 frontis
977 2104 1006 2159 et
1024 2100 1160 2179 ingentes
1180 2100 1288 2177 capitis
1367 2171 1368 2177 ἵ

269 2208 381 2251 comae.
428 2192 593 2250 ettomdem
615 2192 685 2251 laeti
707 2193 851 2251 summm
873 2193 1043 2251 ulciscimur
1065 2192 1200 2249 madeas:
1223 2185 1288 2268 †ne

225 2303 254 2342 ro
269 2279 393 2355 quidem
419 2280 468 2338 hic
497 2282 642 2355 expressit
668 2282 832 2357 perfectam
863 2282 1016 2340 ultionem.
1062 2280 1113 2339 sed
1138 2281 1242 2353 sapite,
1271 2296 1288 2339 o

268 2370 380 2436 miseri,
401 2371 493 2443 sapite
517 2373 601 2442 atquc
624 2371 661 2428 ab
685 2372 766 2429 litore
783 2372 885 2443 fmmm
903 2373 1042 2444 rumpite:
1065 2368 1138 2427 dicit
1159 2374 1345 2428 causamclo

267 2459 472 2533 persuasionis
501 2476 586 2533 suae,
614 2478 650 2517 ne
673 2460 866 2519 aestimarent
889 2463 1007 2518 caecato
1030 2460 1085 2517 illo
1108 2458 1185 2515 nihil
1208 2458 1289 2516 ultra

269 2564 335 2605 esse
368 2546 573 2622 metuendum3
610 2548 861 2607 commorantibus
894 2551 925 2608 et
952 2548 1019 2607 aliis
1049 2546 1229 2622 Cyclopibus
1256 2548 1288 2603 in

267 2636 325 2695 illo
348 2634 420 2694 loco
436 2655 495 2695 non
518 2638 621 2712 posset
644 2636 744 2695 abesse
767 2636 905 2696 formido.
945 2637 1023 2711 quod
1042 2638 1166 2695 iteravit
1184 2635 1288 2713 fugite,

225 2747 253 2789 ss
269 2723 404 2785 ostendit
430 2744 545 2784 moram
573 2725 662 2803 fugae
691 2743 750 2783 non
777 2743 840 2784 esse
867 2725 1033 2783 faciendam
1063 2725 1176 2784 addens
1207 2726 1289 2784 funis

270 2814 308 2873 ab
337 2813 426 2872 litore
453 2813 679 2889 praecidendos,
712 2813 791 2889 quod
818 2816 935 2871 mature
965 2812 1030 2871 fieri
1056 2815 1170 2890 potuit,
1199 2833 1289 2889 quam

268 2901 430 2962 solvendos
448 2921 517 2961 cum
534 2921 627 2961 mora.
664 2901 791 2962 subiecit
809 2920 938 2979 causam,
953 2905 1077 2977 propter
1099 2921 1191 2978 quam
1215 2904 1289 2962 cele·
1313 2960 1315 2963 Α

267 3010 333 3049 rem
353 2990 499 3051 suadebat
517 2991 699 3053 abscessum:
716 3010 788 3050 mam
805 2991 902 3065 qualis
921 2995 1102 3065 quantasque
1120 3009 1191 3050 coco
1204 2993 1290 3065 Poly-

344 3166 359 3214 6
378 3163 472 3230 pcaait
489 3160 515 3213 R
527 3162 623 3230 potuit
640 3179 661 3214 r.
731 3166 747 3214 8
765 3162 936 3230 impetiebamt
953 3160 1007 3213 LR
1025 3162 1190 3229 impetebant
1206 3178 1225 3213 r·
1239 3163 1289 3214 im·

262 3233 426 3303 partiebamt
444 3232 486 3286 ed.
550 3236 583 3285 10
602 3232 737 3304 celeritate
755 3232 784 3286 L.
847 3238 880 3286 11
898 3232 1061 3298 facientium
1080 3232 1123 3285 ed.
1186 3238 1219 3285 13
1238 3238 1289 3286 ter·

267 3305 413 3359 ratramus
432 3303 491 3356 th.
559 3309 591 3356 15
610 3304 682 3357 iectu
700 3302 753 3355 Lu
775 3304 832 3357 ieta
851 3320 864 3355 r
882 3303 925 3356 ed.
949 3305 1025 3356 iacta
1042 3319 1094 3356 nos
1119 3303 1154 3357 cf.
1175 3307 1235 3357 663.

270 3379 378 3430 19-20
397 3376 539 3445 mquidem
557 3376 601 3430 bie
615 3374 667 3427 LR
685 3374 761 3443 quod
779 3392 793 3426 r
812 3374 960 3427 adnotavit
978 3374 1035 3444 legi
1053 3391 1110 3427 non
1128 3376 1224 3443 potest
1241 3391 1292 3428 mec

269 3446 381 3517 quidem
400 3446 445 3501 bie
463 3446 506 3499 ed.
525 3445 646 3500 fortasse
664 3462 698 3499 me
717 3446 784 3515 quid
802 3448 942 3511 omitteret,
959 3444 1009 3499 sed
1023 3461 1134 3498 crucem
1149 3446 1291 3514 adponere

268 3517 361 3573 malui
380 3533 466 3586 quam
484 3517 592 3572 incerta
609 3532 721 3585 ponere.
831 3523 864 3571 22
883 3517 1027 3571 aestimare
1045 3515 1099 3569 LR
1117 3518 1259 3571 aestimari
1277 3534 1292 3568 r

268 3590 378 3657 (nescio
398 3588 465 3659 quid
487 3588 542 3644 sibi
559 3589 639 3657 velit)
658 3589 833 3643 aestimarent
851 3588 894 3641 ed.
969 3593 1002 3641 23
1022 3593 1047 3641 et
1061 3587 1114 3640 LR
1132 3590 1204 3642 em'm
1223 3588 1289 3641 edF.

326 3666 361 3715 25
380 3659 543 3733 calistemdit
561 3677 624 3715 oum
643 3675 740 3713 rasura
760 3660 878 3713 duarum
897 3658 1057 3713 litterarum
1075 3658 1097 3711 L
1121 3658 1185 3714 osta
1204 3666 1290 3714 ostem·

267 3736 313 3861 ddt
330 3732 373 3857 R,
457 3736 491 3784 26
510 3730 659 3787 metmeR
683 3748 742 3785 -rae
760 3730 782 3784 L
801 3732 873 3786 -rima
891 3730 935 3784 ed.
1027 3735 1060 3783 27
1080 3731 1221 3786 solvendos
1238 3729 1292 3783 LR

267 3818 381 3860 ,00,
1137 3835 1140 3840 .
