3250 4350
338 407 405 473 256
619 405 760 462 DONA'I'I
776 407 947 463 mum
965 406 1073 463 VERG.

336 577 494 637 servitium
519 576 704 653 pollicentis,
730 595 800 636 cum
826 595 863 636 ea
888 577 993 637 futura
1018 595 1085 637 snm
1112 595 1149 636 ex
1172 594 1234 654 qua
1258 595 1358 637 omncs

337 666 381 724 dii
398 666 591 744 gratulantur
608 684 640 725 se
658 684 722 725 esse
739 667 924 744 progenitos,
942 684 1036 742 quam
1052 669 1239 726 venerantur
1258 684 1357 728 omnes

338 756 392 831 qui
413 754 542 814 libenter
563 754 732 832 potioribus
754 755 901 814 deferunt
941 774 1004 816 non
1024 755 1133 815 cecidit
1149 757 1278 815 fortuna
1295 773 1359 815 mea

336 862 392 903 nec
414 844 572 904 debilitata
594 844 764 904 succubuit:
786 844 938 904 Dardanis
961 847 993 903 et
1014 844 1102 904 divae
1115 843 1245 905 Veneris
1268 862 1358 905 nurus

338 933 427 993 deum
448 935 542 993 matn'
569 932 708 1009 deputari
735 936 906 993 commerui
952 932 1104 993 Dardanis
1130 935 1163 994 et
1190 933 1282 994 divae
1303 934 1388 995 Ver

336 1024 418 1083 neris
439 1041 532 1082 nurus
554 1023 752 1098 praeferentis
775 1023 876 1083 animo
898 1024 1032 1098 positum
1054 1021 1197 1083 dommus
1215 1024 1358 1100 accipiam

336 1111 561 1188 Myrmidonum
575 1111 765 1188 Dolopumve
783 1111 869 1172 sodes
889 1106 1062 1193 [aspiciam]
1081 1114 1135 1173 ant
1147 1109 1239 1172 Grais
1258 1113 1358 1173 matri·

338 1201 394 1260 bus
425 1200 476 1260 ibo
507 1201 657 1260 servitura
688 1200 874 1263 comnenus
906 1203 1007 1261 animo
1039 1200 1161 1261 dictum
1207 1201 1357 1262 Dardanis

338 1291 406 1349 laus
438 1290 658 1350 communicata
689 1309 758 1350 cum
786 1290 925 1352 omnibus
952 1290 1105 1367 lboianis,
1136 1289 1227 1351 divae
1261 1293 1358 1351 auten

338 1378 465 1438 Veneris
492 1397 585 1439 nurus
613 1397 691 1454 quae
718 1381 778 1439 fuit
804 1381 943 1456 specialis
969 1381 1076 1456 ipsine
1125 1398 1145 1438 a
1171 1398 1306 1455 pmsona
1331 1382 1388 1442 eta

338 1468 405 1527 loco
426 1470 521 1528 traxit
543 1467 725 1528 Graecorum
747 1468 1008 1529 obtrectationem:
1030 1476 1053 1527 'a
1073 1486 1212 1544 pmnona,
1231 1468 1357 1529 liberate

339 1575 418 1632 sum,
444 1557 558 1633 inquit,
585 1557 755 1616 infimorum
781 1557 937 1617 hominnm
963 1559 1140 1634 captivitate
1167 1559 1200 1616 et
1227 1561 1357 1619 extremo

339 1647 476 1721 servitio;
501 1665 520 1705 a
542 1647 618 1721 loco,
640 1666 700 1706 non
723 1646 773 1705 ibo
796 1646 836 1706 ad
859 1645 1041 1706 Graecorum
1063 1646 1155 1722 sedes,
1178 1645 1232 1707 sed
1257 1666 1308 1708 ero
1328 1648 1358 1707 in

339 1734 536 1813 originalibus
563 1734 637 1795 locis
665 1738 696 1794 et
722 1754 790 1795 cum
817 1735 941 1796 deornm
967 1737 1102 1796 omnium
1122 1737 1232 1795 matu-a
1279 1736 1358 1797 tenet

338 1843 386 1883 me
412 1824 481 1899 illa,
508 1843 585 1901 quae
613 1826 710 1884 omnis
738 1824 808 1884 deos
835 1825 953 1884 ratione
978 1826 1111 1885 numinis
1138 1827 1170 1884 et
1197 1826 1389 1901 potestutisn

340 1913 508 1973 antevenit·
546 1915 721 1990 conparatio
749 1915 810 1974 ista
836 1915 951 1992 tangit,
977 1916 1013 1973 ut
1034 1913 1147 1973 dictum
1170 1916 1232 1990 est,
1258 1914 1359 1975 mariti

339 2003 492 2077 solacium,
515 2005 569 2078 qui
591 2021 645 2061 nec
668 2004 821 2079 captivam
842 2021 965 2062 uxorem
987 2004 1121 2079 repperit
1140 2020 1198 2065 noc
1221 2006 1359 2078 occisam,

339 2094 412 2167 quin
434 2094 535 2167 potius
560 2092 712 2150 detentam
730 2092 887 2151 voluntate
905 2094 969 2151 eius
988 2111 1048 2168 qna
1065 2092 1167 2152 nullus
1186 2095 1235 2152 est
1253 2095 1360 2168 potior.

339 2184 456 2254 iamque
468 2182 534 2241 vole
550 2186 577 2240 et
593 2183 657 2241 nott
675 2199 762 2241 seruo
779 2184 941 2241 commemo
959 2199 1101 2241 amorem:
1123 2182 1359 2242 consolationem

339 2289 426 2329 suem
443 2270 488 2328 fili
502 2271 757 2330 commendatione
771 2271 925 2331 conclusit.
952 2274 1052 2347 potest
1065 2270 1162 2330 videri
1175 2272 1222 2330 ita
1237 2272 1359 2332 dixisse:
1370 2291 1391 2331 rr

339 2360 430 2419 habes
457 2360 553 2418 filium
579 2363 728 2435 nostrum,
757 2360 820 2419 eins
851 2379 983 2420 amorem
1006 2378 1092 2420 serva
1114 2362 1145 2417 et
1169 2360 1360 2421 amissionem

338 2469 437 2508 meum
459 2449 555 2508 levius
577 2449 654 2508 feres
678 2453 708 2507 et
730 2451 894 2524 plurimum
916 2450 992 2507 mihi
1015 2449 1166 2508 detirleris.
1205 2453 1309 2524 potest
1332 2452 1361 2508 et

340 2542 394 2597 sic:
427 2538 540 2598 sciebat
563 2539 642 2595 enim
665 2539 738 2614 quid
761 2541 840 2597 inter
863 2541 962 2597 cetera
983 2538 1194 2614 praedixisset,
1223 2538 1358 2598 futurum

339 2629 453 2686 scilicet
474 2633 509 2686 ut
527 2626 644 2686 Aeneas
667 2627 824 2686 habiturus
843 2632 921 2687 esset
939 2628 1111 2704 coniugium
1128 2646 1252 2704 novum,
1271 2647 1359 2704 qnae·

339 2719 450 2776 siturus
473 2716 532 2774 sibi
554 2735 689 2788 uxorem,
717 2716 779 2775 filio
807 2735 978 2776 novercam:
1015 2716 1071 2775 hoc
1098 2717 1194 2793 igitur
1221 2721 1392 2777 metuensse

339 2809 435 2863 meter
452 2805 612 2864 novissime
631 2806 807 2878 conlocavit,
826 2809 861 2863 ut
879 2806 1016 2865 haereret
1034 2805 1125 2864 altius
1144 2808 1274 2879 paterno
1294 2824 1360 2881 pec·

339 2896 399 2952 tori
432 2894 511 2969 quod
544 2894 684 2969 cupiebat
716 2913 779 2954 esse
809 2898 970 2953 servatum.
1020 2913 1080 2953 non
1112 2897 1215 2953 autem
1249 2914 1360 2955 novum

340 2982 485 3041 suadebat
512 2983 675 3057 adfectum,
703 2986 847 3058 quonism
874 2983 988 3043 sciebat
1010 3002 1041 3043 se
1064 2982 1149 3058 loqui
1173 2988 1359 3060 compatre,

341 3073 395 3146 qui
423 3090 554 3131 amorem
580 3072 626 3129 fili
653 3074 714 3131 iam
741 3073 865 3131 tenebat
891 3072 923 3130 in
951 3072 1100 3146 sensibus,
1126 3071 1258 3148 ideoque
1285 3072 1359 3131 dixit

340 3178 426 3219 serva
449 3179 580 3219 amorem
603 3163 668 3220 nati
686 3163 859 3236 communis,
878 3163 950 3236 quia
968 3162 1087 3236 poterat
1105 3160 1186 3219 effici
1202 3165 1239 3220 ut
1258 3163 1390 3221 favores

339 3249 469 3309 uiuentis
492 3253 522 3307 et
545 3268 640 3309 novae
665 3249 799 3328 coniugis
824 3250 931 3310 ductus
950 3252 1014 3309 eius
1032 3252 1233 3326 praeponeret
1250 3250 1357 3310 liberos

339 3337 402 3398 filio
422 3359 456 3398 ex
475 3340 602 3416 coniuge
621 3342 767 3417 suscepto.
799 3340 980 3415 temperavit
998 3357 1068 3417 ergo
1087 3342 1122 3397 ut
1140 3338 1256 3399 diceret
1274 3358 1357 3400 serva

411 3509 655 3563 mordacis-5
670 3510 817 3564 commerui
826 3525 880 3563 om.
887 3509 930 3564 ed.
979 3513 994 3562 'l
1009 3509 1145 3578 aspiciam
1155 3510 1321 3564 emulcet.

342 3585 374 3634 15
393 3581 514 3634 nomime
527 3579 578 3632 LR
592 3579 635 3634 ed.
693 3586 725 3634 1o
744 3582 906 3649 cooperatio
916 3612 950 3621 -
962 3585 995 3634 18
1006 3581 1100 3650 potior
1113 3596 1169 3635 om.
1180 3581 1224 3635 ed.
1236 3580 1321 3636 Lucii.

342 3657 374 3704 18
393 3652 488 3706 nullus
502 3650 554 3703 LR
569 3653 650 3706 eolla
667 3651 733 3705 edl'.
789 3657 823 3705 23
842 3653 882 3706 sic
895 3652 945 3705 LR
960 3653 1000 3706 sic
1018 3651 1138 3722 intelliqs'
1153 3652 1197 3707 ed.
1214 3655 1220 3723 Ι
1240 3653 1312 3723 quod
1323 3650 1351 3704 R

394 3728 428 3775 24
442 3722 531 3777 eeeelt
545 3729 610 3777 creet
622 3741 644 3777 r.
694 3728 727 3777 28
742 3726 872 3792 quoniam
882 3723 934 3777 LR
948 3722 1067 3793 quioed
1117 3728 1152 3777 29
1167 3725 1237 3793 qaia
1249 3729 1351 3779 mortes

340 3793 392 3846 th
407 3793 450 3847 ed.
465 3795 513 3862 qui
531 3810 649 3848 amorem
666 3812 688 3849 r.
744 3800 778 3847 32
797 3811 832 3849 ec
849 3796 964 3866 eoniuye
981 3794 1033 3847 th
1047 3795 1141 3863 prtbri
1159 3792 1350 3867 interponet
