3250 4350
364 433 428 496 110
643 431 782 487 DONATI
799 431 969 487 iNTERPR.
989 431 1097 487 VERG.

361 600 484 658 modam
505 601 539 660 in
561 601 767 661 vicissitudine
789 602 981 677 polliceatur,
1003 621 1099 677 neque
1122 602 1179 661 hoc
1202 602 1370 678 simpliciter

361 690 448 764 facit,
471 709 541 748 nam
565 695 594 750 et
616 693 800 767 reciprocam
822 691 1056 750 benivolentiam
1084 689 1211 766 spondet
1234 694 1265 749 et
1287 693 1369 750 terret

362 779 540 838 audientem.
587 799 655 838 cum
677 783 757 851 enim
780 779 855 838 dicit
877 798 1035 856 possumus
1054 779 1111 838 tibi
1129 779 1269 855 prodesse
1288 783 1370 856 atque

359 869 418 941 ita,
446 872 480 926 ut
505 887 566 927 non
592 873 622 927 te
652 871 805 943 paeniteat
837 870 1036 944 praestitisse,
1068 869 1255 946 intellegitur
1286 870 1370 928 etiam

360 957 437 1015 illud
461 957 605 1031 adserere,
627 976 715 1034 posse
738 961 768 1016 et
790 953 905 1032 nocere,
929 959 955 1016 si
977 977 1024 1017 res
1043 960 1183 1034 exegerit,
1200 958 1258 1017 hoc
1277 957 1398 1017 modus

361 1049 387 1104 si
409 1046 487 1105 vivit
508 1067 560 1105 rex
582 1051 684 1106 noster
711 1039 872 1126 (credimus
900 1047 980 1106 enim
1007 1066 1077 1105 eum
1104 1064 1271 1122 superesse,
1298 1045 1371 1106 tanti

360 1137 440 1194 enim
467 1137 527 1194 fuit
553 1135 665 1209 meriti,
693 1141 727 1194 ut
758 1136 835 1193 nihil
865 1135 983 1194 adversi
1010 1128 1197 1216 incurrerit),
1229 1135 1306 1194 nihil
1333 1137 1371 1194 est

361 1224 442 1299 quod
474 1229 604 1283 metuere
638 1225 804 1284 debeamus.
855 1227 882 1284 si
916 1227 1017 1284 autem
1048 1227 1170 1284 recessit
1201 1244 1220 1285 a
1251 1225 1372 1301 superis,

360 1313 502 1372 habemus
529 1315 562 1371 in
590 1315 725 1390 proximo
753 1315 894 1388 Acesten,
922 1315 1022 1373 virum
1049 1333 1192 1391 magnum
1219 1317 1249 1372 et
1276 1333 1371 1392 regem

360 1404 534 1478 opulentum
557 1405 643 1476 viris,
667 1405 757 1463 armis
782 1407 812 1462 et
835 1403 1004 1462 substantia
1032 1404 1114 1462 omni
1140 1404 1297 1478 copiosum
1323 1418 1401 1462 noca

360 1491 503 1564 alienum,
531 1493 583 1550 sed
610 1513 702 1550 unum
730 1513 764 1551 ex
792 1493 878 1552 nobis
905 1493 1086 1568 perindeque
1115 1493 1168 1568 qui
1194 1492 1272 1550 illud
1298 1490 1372 1567 quod

359 1583 459 1654 potest
477 1599 587 1658 negare
605 1601 665 1641 non
683 1582 786 1656 possit.
824 1599 890 1640 ecce
907 1583 940 1639 in
959 1581 1075 1640 duobus
1093 1582 1187 1639 tantis
1210 1584 1242 1639 et
1262 1580 1372 1639 talibus

359 1671 500 1744 proponit
531 1689 614 1746 spem
647 1675 676 1729 et
707 1670 795 1728 inicit
826 1675 947 1729 metum.
992 1671 1104 1747 ingerit
1134 1672 1197 1727 iam
1227 1687 1373 1728 summam

359 1758 513 1833 petitionis
536 1778 597 1818 non
616 1778 770 1819 onerosam
789 1761 968 1834 praestanti:
991 1763 1162 1832 quassatam
1179 1761 1276 1818 acutis
1292 1760 1373 1818 liceat

358 1848 518 1907 subducere
541 1850 662 1907 classem
685 1852 711 1907 et
732 1850 815 1908 siluis
834 1852 936 1922 aptare
954 1849 1051 1908 trabes
1069 1853 1095 1907 et
1112 1849 1254 1921 stringere
1271 1861 1372 1915 runos,
1384 1863 1403 1906 a

358 1938 386 1994 si
408 1938 497 1995 datur
518 1938 641 1996 Italiam
664 1940 749 1997 sociis
773 1941 799 1995 et
820 1955 886 2010 repe
909 1941 1018 2011 recepto
1041 1938 1168 2004 teudere,
1195 1942 1229 1996 ut
1250 1937 1373 1997 Italiam

305 2026 435 2084 ccctaeu'
457 2026 635 2098 Latiumque
651 2030 805 2100 petamus·
828 2029 878 2085 siu
901 2027 1055 2098 absumpta
1077 2027 1160 2084 salus
1183 2031 1209 2085 et
1231 2030 1266 2095 te,
1288 2031 1373 2099 pater

359 2117 463 2187 optime
487 2115 644 2184 Teucrum,
663 2119 773 2189 pectus
795 2117 880 2175 tabet
902 2116 1017 2190 Luam
1039 2132 1091 2175 uec
1112 2131 1179 2189 spes
1200 2116 1264 2172 ima
1286 2119 1373 2175 restat

358 2205 433 2272 Iuli,
462 2209 494 2261 at
515 2208 591 2277 seem
614 2204 752 2264 Sicaniae
774 2207 877 2263 saltem
900 2207 1035 2278 sedesque
1052 2209 1193 2277 paratas,
1217 2207 1300 2264 uude
1321 2206 1372 2264 hue

358 2294 481 2361 aduecti,
514 2312 663 2367 regemque
686 2299 822 2367 petamus
849 2292 979 2352 Acestem.
1027 2295 1078 2368 da,
1105 2294 1220 2368 inquit,
1246 2296 1403 2370 copiam,rc

358 2381 536 2440 deducamus
565 2385 650 2442 navis
673 2385 832 2456 inlitora,
860 2383 1018 2442 caedamus
1041 2403 1076 2442 ex
1099 2383 1182 2441 silvis
1205 2384 1373 2441 necessaria

356 2471 490 2546 fabricis,
518 2475 552 2529 ut
574 2492 745 2548 reparemus
769 2474 919 2532 convulsa.
966 2472 1038 2547 qnid
1061 2471 1223 2547 conpositis
1246 2472 1370 2531 navibus

356 2562 490 2619 futurum
514 2566 590 2619 esset
614 2566 806 2637 conpetenter
829 2561 970 2633 ostendit,
997 2562 1040 2619 ait
1064 2562 1143 2618 enim
1166 2562 1367 2638 navigandum

356 2650 441 2709 nobis
469 2651 525 2708 erit
552 2650 589 2707 ad
612 2650 745 2723 Italiam,
774 2651 799 2708 si
823 2651 983 2728 contigerit
1005 2670 1106 2725 regem
1127 2650 1236 2707 habere
1259 2651 1369 2709 incolu-

356 2759 443 2812 mem,
467 2743 528 2812 aut,
551 2742 577 2799 si
600 2738 631 2796 id
654 2758 713 2797 non
736 2739 835 2813 fuerit,
854 2739 894 2798 ad
912 2738 1047 2798 Siciliam
1071 2743 1162 2813 atque
1186 2739 1225 2797 ad
1243 2739 1368 2797 Acesten
1381 2755 1401 2797 a

355 2828 544 2886 tendendum.
582 2828 708 2905 epilogis
731 2829 838 2885 dehinc
861 2827 1011 2886 concludit
1033 2829 1110 2886 hanc
1133 2831 1250 2901 partem
1274 2830 1369 2887 osten·

356 2916 427 2975 dens
455 2917 551 2975 solum
579 2936 665 2991 posse
692 2917 815 2975 Aenean
842 2917 964 2976 Italiam
991 2917 1053 2975 filio
1082 2916 1214 2975 obtinere
1243 2921 1273 2975 et
1301 2918 1369 2976 fecit

357 3006 582 3081 apostropham,
610 3010 643 3064 ut
671 3006 804 3065 animum
826 3005 954 3065 Didonis
983 3006 1021 3064 ad
1047 3006 1249 3064 miserationis
1275 3005 1367 3082 partis

355 3099 482 3171 urgeret.
534 3094 572 3167 si,
604 3095 715 3169 inquit,
748 3098 853 3154 contra
884 3097 1024 3153 meritum
1055 3099 1142 3153 tuum
1173 3097 1322 3154 secessisti
1351 3113 1368 3152 a

356 3185 485 3258 superiS,
522 3186 548 3242 si
585 3185 673 3243 funus
710 3188 796 3242 tuum
832 3186 991 3261 naufragia
1032 3184 1222 3257 sorbuerunt,
1259 3185 1287 3241 si
1317 3188 1403 3242 tuom

427 3389 616 3442 3audieutem
635 3389 687 3441 LR
705 3391 855 3444 audaciam
874 3389 916 3441 ed.
941 3392 944 3456 Ι
966 3406 1079 3457 possum
1097 3389 1140 3442 ed.
1215 3393 1282 3443 'lut
1299 3389 1368 3442 adil

354 3461 406 3514 LR
424 3463 450 3514 si
468 3461 600 3528 interpos.
621 3461 663 3514 ed.
773 3462 851 3515 8ad
868 3477 980 3528 superos
998 3461 1041 3513 ed.
1150 3460 1222 3513 tia
1240 3463 1367 3529 proximo

355 3550 408 3586 om.
428 3531 471 3586 ed.
550 3537 583 3584 11
602 3532 682 3585 uobis
699 3531 751 3584 LR
768 3532 931 3587 nostrised.
1012 3531 1203 3600 rapacitati.
1280 3538 1313 3586 19
1331 3531 1367 3585 ad

353 3605 427 3667 freta
444 3602 503 3655 LR.
578 3608 610 3656 21
630 3609 661 3656 ut
680 3603 846 3657 deducamus
864 3604 906 3655 ed.
924 3606 927 3671 Ι
948 3609 973 3655 et
991 3604 1136 3657 caedamus
1154 3602 1197 3657 ed.
1219 3606 1223 3671 Ι
1243 3604 1277 3657 a'u
1293 3604 1369 3658 aava

344 3674 387 3725 ed.
466 3679 502 3726 23
519 3680 713 3743 cousequenter
731 3675 774 3729 ed.
844 3681 877 3727 24
897 3675 934 3728 ad
951 3675 1067 3728 Italiam
1085 3690 1138 3727 om.
1155 3675 1198 3727 ed.
1267 3681 1301 3728 25
1320 3681 1369 3728 aut

328 3741 467 3866 ,trapam
478 3745 512 3798 R,
576 3752 612 3802 27
633 3749 757 3805 obtimae
770 3747 827 3802 th
838 3764 942 3819 parare
956 3748 1135 3813 ettranepcs.
1151 3745 1195 3798 ed.
1249 3751 1367 3815 raupa

312 3826 398 3880 wop
418 3834 456 3868 eea
476 3819 523 3874 ed,
