3250 4350
343 426 410 492 286
624 424 767 481 nonnul
781 424 952 481 musam.
972 424 1079 481 vulta.

343 597 425 655 voto.
469 595 1365 669 uacuaaaumaluffiamiaeeanpauclunles,

342 684 1364 758 autumantecrapauie,patreseaaiotmncatadaras:

344 774 417 850 quia
449 775 670 849 contempserat
699 791 789 833 senex
815 776 847 832 et
873 772 980 833 debilis
1010 773 1140 832 salutem
1171 791 1280 848 suem.
1306 792 1364 834 non

344 863 408 923 eius
429 865 550 923 tuntum
570 863 636 922 fore
657 863 825 938 perieulum
844 862 964 937 dicitur,
982 862 1035 921 sed
1052 864 1210 938 proposito
1228 858 1364 940 e'xemplo

344 951 381 1011 de
406 951 452 1011 fili
479 969 598 1028 quoque
623 954 720 1010 morte
745 953 889 1025 terretur,
920 970 959 1010 ne
984 951 1063 1010 forte
1088 952 1138 1010 vel
1165 951 1225 1011 hoo
1258 970 1364 1031 genem
1386 971 1396 1011 s

343 1045 445 1119 posset
466 1041 587 1100 inflecti
632 1058 759 1117 cumque
779 1041 838 1099 hoc
860 1040 1018 1116 mentm,
1041 1042 1133 1100 etiarn
1154 1040 1233 1100 illud
1259 1041 1364 1117 procul

344 1130 435 1189 dubio
461 1130 600 1207 intellegi
625 1132 740 1206 potest,
766 1148 827 1189 non
856 1130 955 1189 solum
976 1129 1118 1189 interitus
1141 1129 1188 1189 sui
1211 1129 1365 1190 Anchisen

345 1219 508 1294 admoneri,
529 1238 635 1278 vuum
656 1220 750 1277 etiam
771 1217 826 1292 uli,
847 1237 940 1278 nurus
963 1221 995 1278 et
1016 1218 1145 1295 nepotis,
1162 1237 1200 1278 ne
1219 1219 1303 1279 forte
1320 1222 1365 1280 tot

343 1308 597 1368 necessitudinum
618 1308 753 1383 periculo
774 1308 972 1386 frangeretur.
1013 1306 1105 1367 detur
1126 1309 1243 1367 interes
1268 1326 1364 1368 exem-

343 1399 429 1474 plum
455 1396 654 1456 crudelissimi
678 1397 774 1456 hostis
801 1400 834 1456 et
860 1399 924 1457 eius
952 1398 1006 1474 qui
1033 1396 1138 1456 divina
1168 1399 1201 1456 et
1230 1397 1364 1458 humans
1377 1418 1397 1457 u

343 1487 412 1546 inre
434 1486 607 1563 despiceret,
629 1486 721 1545 datur
741 1487 910 1562 exemplum
931 1503 1077 1562 personae
1093 1485 1364 1555 hostiliset-ultn

343 1575 485 1636 hostilem
510 1574 632 1659 modurn
660 1576 834 1650 saeuientis,
861 1575 953 1634 detur
974 1578 1006 1634 et
1027 1575 1110 1634 facti.
1154 1576 1232 1649 ianr,
1255 1576 1364 1651 inquit,

326 1664 443 1738 ‚aderit
464 1664 607 1741 Pyrrhus,
626 1668 697 1741 post
718 1664 892 1724 effusionem
913 1668 1064 1723 recentem
1081 1665 1236 1742 sanguinis
1255 1663 1365 1725 Politia

345 1758 376 1813 et
388 1753 511 1812 Priami
543 1756 630 1813 novit
641 1754 695 1812 ille
709 1753 845 1813 ordinem
862 1752 997 1827 feriendi,
1009 1755 1097 1812 novit
1113 1753 1364 1829 quemadmodum

344 1846 447 1920 patres
468 1843 633 1902 liberorum
654 1842 809 1902 funeribus
827 1842 960 1921 adfligut,
978 1860 1143 1918 numquam
1160 1842 1218 1902 ille·
1231 1844 1364 1918 percutit
1377 1860 1397 1901 u

344 1936 455 2010 patres,
477 1933 538 1991 nisi
558 1934 657 2008 primo
680 1931 821 1992 cecidisse
843 1930 974 1990 viderint
994 1931 1105 1990 liberos
1128 1949 1211 2009 suos,
1233 1932 1291 1991 ille
1313 1949 1365 1991 nec

346 2023 530 2080 occasmncm
547 2020 677 2080 faciendi
694 2020 795 2096 perdit
811 2038 867 2080 noc
884 2021 952 2079 loca
968 2021 1002 2078 in
1020 2020 1128 2095 quibus
1146 2021 1241 2080 huet
1260 2020 1365 2080 habita

346 2111 583 2170 consideratione
611 2109 766 2185 discernit,
792 2113 875 2168 totus
897 2111 1032 2169 intentus
1053 2109 1086 2167 in
1109 2110 1223 2168 factm
1246 2109 1364 2187 perficit

345 2200 474 2273 caedem,
498 2202 616 2259 etiamsi
635 2218 718 2258 sacer
734 2199 818 2257 locus
837 2218 872 2258 ac
890 2198 1075 2258 venerandus
1095 2202 1240 2258 occurret.
1274 2200 1363 2258 alium

345 2290 377 2346 in
395 2292 523 2348 matrem
541 2308 659 2365 quoque
678 2287 824 2347 invidiam
843 2289 982 2363 concitet,
996 2288 1087 2347 salva
1100 2289 1221 2364 quidem
1234 2291 1363 2347 materni
1376 2308 1397 2346 a

345 2380 475 2436 nominis
497 2380 673 2437 reverentia.
710 2378 766 2437 hoc
788 2397 848 2437 non
872 2381 907 2436 ut
928 2379 1083 2455 ingreium
1101 2378 1240 2437 ostendat
1259 2378 1363 2448 filium,

346 2468 397 2526 sed
420 2472 455 2525 ut
475 2471 620 2527 terrorem
643 2469 738 2543 patris
762 2468 938 2525 accumulet.
972 2468 1025 2526 hac
1047 2471 1118 2534 crat,
1141 2468 1223 2525 aluta
1240 2485 1363 2539 pareres.

292 2558 431 2631 coequat
457 2575 503 2615 me
524 2575 581 2630 per
608 2559 677 2625 tela,
700 2574 757 2629 per
783 2558 862 2629 ipais
889 2558 990 2629 uteris,
1017 2561 1051 2614 ut
1075 2556 1180 2614 mediis
1201 2557 1312 2619 leostem
1333 2558 1362 2614 la

340 2645 542 2719 penetralibus
564 2650 650 2718 utque
672 2643 893 2718 Ascaniumque
909 2649 1082 2718 patremque
1103 2663 1200 2703 meum
1225 2648 1364 2717 iuxtaque

348 2735 490 2794 Creusam
517 2736 641 2793 alterum
668 2737 701 2792 iu
729 2734 851 2793 alterius
880 2738 1020 2793 mactatos
1050 2736 1194 2807 sanquine
1226 2735 1398 2793 curuamine

346 2843 433 2882 versa
460 2826 542 2897 sunt,
570 2824 682 2897 inquit,
710 2823 742 2880 in
769 2824 932 2898 perniciem
954 2841 1061 2896 meam,
1084 2826 1193 2896 mater,
1220 2823 1364 2882 beneficia

346 2915 408 2970 tna.
455 2912 527 2986 quid
554 2912 675 2987 prodest
703 2911 782 2988 quod
812 2914 894 2971 evasi
921 2912 1037 2989 gladios
1065 2916 1095 2970 et
1121 2915 1206 2971 tutus
1235 2915 1364 2972 transivi

345 3021 399 3077 per
425 2999 582 3059 flammas?
629 3001 699 3076 quid
727 3001 850 3077 prodest
878 3000 958 3076 quod
986 3002 1024 3059 ad
1054 3000 1136 3061 sedes
1168 3004 1290 3062 nostras
1322 3002 1363 3059 in-

347 3090 472 3148 columis
494 3093 525 3147 te
549 3090 712 3149 auxiliante
735 3087 879 3166 perveni?
912 3108 965 3148 cur
987 3108 1053 3148 sum
1074 3089 1210 3149 redditus
1229 3090 1363 3149 dulcibus

347 3179 552 3254 conspectibus
570 3178 686 3255 patris?
717 3199 776 3238 non
796 3198 880 3238 amor
898 3183 943 3239 est
961 3181 1028 3253 iste,
1042 3179 1092 3238 sed
1110 3179 1232 3238 inmane
1252 3181 1363 3255 suppli·
1376 3199 1400 3239 so

419 3391 434 3437 5
454 3386 494 3438 ccl
513 3401 566 3437 om.
582 3385 625 3440 ed.
712 3391 745 3438 12
764 3388 791 3439 ci
807 3386 878 3452 facti
895 3384 917 3437 L
937 3386 996 3439 eius
1014 3385 1036 3451 f.
1055 3385 1081 3437 R
1098 3391 1124 3438 ct
1141 3384 1250 3450 factum
1268 3387 1312 3441 ed.

348 3461 381 3509 13
401 3457 516 3527 Polytae
535 3456 577 3509 ed.
670 3463 704 3509 14
723 3458 767 3510 illi
784 3456 844 3509 LR.
940 3462 972 3511 1⁶
987 3462 1110 3525 percutet
1127 3455 1181 3509 th
1199 3460 1364 3525 percutiar

347 3530 393 3581 -u't
412 3528 454 3582 ed.
530 3532 562 3581 16
578 3528 671 3596 prim
688 3527 742 3581 Lu
756 3529 840 3596 priua
857 3528 901 3581 ed.
927 3530 931 3597 1
956 3529 1057 3583 uiderit
1074 3527 1117 3580 ed.
1193 3529 1364 3595 1⁵1facs'ctct

347 3600 390 3652 ed.
459 3605 493 3653 22
512 3605 613 3653 terrare
631 3599 675 3653 ed.
749 3604 782 3652 23
801 3600 886 3654 hastis
903 3598 957 3652 th
975 3600 1018 3652 ed.
1038 3602 1115 3669 ipses
1133 3598 1176 3652 ed.
1197 3603 1271 3669 post.
1291 3601 1364 3653 recte

346 3673 462 3739 propter
474 3671 600 3738 flammas
613 3669 864 3738 interpretationis.
925 3676 959 3724 24
978 3671 1122 3725 ascanium
1136 3669 1197 3725 LR.
1253 3677 1289 3724 25
1302 3688 1363 3725 aas·

345 3744 457 3811 puteum
474 3741 534 3794 LR.
628 3746 662 3794 27
681 3747 754 3795 totus
772 3742 832 3795 LR.
918 3748 953 3795 30
971 3741 1120 3824 immacul]
1135 3742 1162 3795 R
1179 3740 1363 3797 samaeas

347 3814 492 3866 immineas
506 3811 548 3865 ed.
565 3814 685 3879 inmane,
701 3813 777 3881 quod
790 3811 814 3865 r‘
828 3829 879 3882 per
891 3830 1020 3867 rasurum
1034 3812 1159 3867 effecisse
1172 3816 1254 3884 puta,
1263 3811 1362 3882 recepi.
