3250 4350
721 425 905 482 AENEIDOS
923 427 950 480 II
990 449 992 452 ⁴
1280 427 1344 492 221

325 595 435 653 Politis
462 594 607 672 sanguine
634 596 735 654 anima
763 614 882 670 quoque
910 614 978 655 cum
1003 595 1070 672 ipso
1093 599 1269 672 consumpta
1292 600 1345 657 est.

326 701 394 742 occe
417 685 540 742 fortuna
562 682 678 742 Priami
700 687 731 744 et
753 685 864 759 tatum,
887 684 972 743 cuius
995 702 1085 744 causa
1107 686 1222 744 factum
1244 689 1289 745 est
1312 687 1347 743 nt

325 772 411 830 filius
433 774 499 831 eius
521 773 654 832 letaliter
675 791 833 848 percussus
855 773 962 833 vicerit
984 774 1134 832 valentem
1156 775 1288 848 hostem,
1310 777 1347 833 ut

327 864 399 921 ante
427 861 529 920 oculos
556 863 671 938 patrios
699 863 826 921 caderet.
870 863 917 922 bic
938 864 1087 931 Priamus,
1113 881 1292 937 quaequam
1313 866 1347 922 ia

298 951 426 1012 emedio
456 953 519 1009 iem
549 955 640 1009 morte
671 955 795 1020 terretur,
827 969 887 1009 eoa
914 956 1011 1010 temen
1038 954 1191 1019 abstinuit
1204 969 1257 1011 aec
1284 954 1348 1011 coci

326 1042 448 1112 iraeque
464 1041 608 1114 pepercit:
631 1059 696 1100 ecce
715 1042 839 1100 inventa
858 1042 904 1098 est
922 1041 1075 1116 quaesitae
1092 1042 1198 1100 mortis
1217 1041 1346 1100 occasio:

327 1147 383 1188 noo
406 1128 538 1204 Pyrrhus
561 1131 661 1206 potuit
678 1129 798 1189 Politen
821 1131 956 1189 saucium
977 1131 1064 1189 fortis
1088 1133 1119 1189 et
1140 1130 1243 1189 valens
1262 1131 1348 1205 sequi

326 1219 493 1295 fugientem
520 1237 575 1278 neo
603 1237 657 1294 per
683 1219 775 1296 longa
803 1220 903 1295 spatia
931 1223 1098 1278 currentem
1126 1219 1203 1278 alius
1228 1237 1347 1294 percus-

328 1326 379 1367 sor
407 1308 534 1384 excepit3
566 1311 665 1366 totum
693 1309 773 1367 enim
801 1309 923 1367 fortuna
953 1311 1125 1368 servaverat
1151 1307 1286 1384 Priamo,
1313 1311 1349 1366 ut

277 1419 313 1459 vio
328 1413 435 1455 causas
457 1397 563 1455 mortis
587 1415 661 1472 quas
686 1396 847 1471 quaerebat
869 1398 1043 1457 incurreret.
1085 1397 1212 1473 denique
1234 1398 1348 1457 factum

329 1486 388 1558 est3
426 1504 496 1543 nam
529 1487 675 1544 excitatns
706 1485 790 1544 luctu
822 1488 854 1543 et
886 1486 1048 1546 acerbitate
1085 1488 1191 1546 mortis
1226 1486 1271 1545 fili
1302 1488 1348 1545 in·

328 1574 497 1633 inanissimi
523 1574 618 1633 hostis
644 1575 740 1632 feram
762 1577 904 1633 naturam
924 1576 1093 1635 maledictis
1114 1578 1148 1634 in
1170 1594 1202 1635 se
1225 1574 1348 1636 dmissi-

328 1664 387 1722 mis
406 1662 597 1739 provocabat.
634 1660 684 1737 [ct
706 1665 758 1722 tibi
774 1681 834 1736 pro
856 1665 969 1733 scelere,
992 1665 1141 1733 ecclam
1155 1681 1213 1738 pre
1232 1666 1402 1725 latitasset>

329 1749 432 1827 cesa]
459 1753 514 1819 elii,
538 1753 651 1827 inquit,
678 1754 765 1826 siem
788 1757 830 1812 est
851 1754 930 1813 caelo
947 1756 1045 1827 pietas
1067 1771 1142 1826 quoe
1165 1755 1239 1812 talia
1260 1758 1348 1821 maret

288 1865 314 1904 15
324 1842 497 1915 persolvent
526 1845 624 1914 crates
655 1841 761 1916 debeas
793 1846 821 1901 et
840 1844 1134 1916 praemia-redderet
1160 1843 1270 1901 debite:
1306 1842 1349 1902 dii

329 1930 397 2004 tibi,
420 1930 476 1990 hoc
500 1933 545 1989 est
566 1933 752 2006 praesenteS,
782 1931 821 1990 ad
845 1950 974 2007 quorum
996 1950 1028 1990 se
1051 1930 1227 2009 suffragium
1249 1931 1349 1990 defen·

330 2019 504 2094 sionemque
537 2019 718 2093 contulerat,
750 2023 781 2078 et
812 2021 841 2079 si
871 2023 916 2079 est
946 2021 979 2077 in
1012 2021 1095 2080 caelo
1123 2021 1225 2095 aliqua
1251 2022 1349 2096 pietas

329 2108 488 2167 numinum
513 2127 589 2185 quae
612 2108 726 2167 nefarie
747 2109 906 2168 commissa
923 2111 1082 2185 reciprocis
1101 2110 1265 2169 ultionibus
1284 2111 1349 2168 vin·

331 2198 441 2270 dicent,
463 2195 637 2273 persolvant
659 2199 775 2258 meritis
798 2201 860 2257 tuis
879 2199 1107 2259 detestabilibus
1125 2218 1267 2276 congrua.
1303 2201 1350 2258 in·

290 2310 318 2349 so
331 2288 407 2363 cipit
429 2289 491 2345 iam
513 2289 602 2347 unius
624 2288 698 2347 facti
722 2290 848 2347 crimina
869 2307 1035 2347 memorare
1054 2288 1185 2348 dilatans
1204 2288 1350 2348 invidiam

331 2378 470 2452 quamvis
495 2378 529 2442 ,in
557 2375 651 2437 hostis
675 2395 842 2453 personam.
888 2380 1026 2451 quincti
1049 2395 1148 2437 coram
1168 2396 1214 2437 me
1236 2395 1350 2437 eernere

331 2468 420 2524 letum
442 2467 536 2539 fecisti
558 2470 585 2525 et
600 2468 718 2539 patrios
740 2467 865 2541 foedasti
886 2468 991 2539 sonere
1012 2468 1125 2526 cultus:
1156 2467 1212 2526 hoc
1240 2486 1276 2525 ex
1304 2486 1350 2525 oc-

331 2557 451 2613 casione
479 2554 627 2613 obiciebat
648 2554 763 2629 Pyrrho
791 2575 846 2632 pro
870 2557 1006 2630 crimine,
1036 2558 1122 2630 quasi
1143 2554 1263 2614 Politen
1285 2556 1350 2631 ipse

331 2643 507 2718 distulisset,
530 2647 565 2702 ut
588 2645 657 2703 ante
681 2662 735 2702 ora
756 2647 916 2720 parentum
940 2644 1135 2718 occumberet,
1161 2646 1249 2719 quasi
1271 2644 1352 2720 quod

288 2756 315 2795 as
332 2751 419 2792 casus
443 2732 588 2791 attulerat
611 2732 726 2791 alienus
749 2734 857 2810 culpae
880 2733 1000 2793 deberet
1023 2733 1177 2810 adplicari.
1215 2735 1268 2809 qui
1285 2734 1352 2792 nati

331 2839 434 2880 coram
456 2840 503 2879 me
527 2840 646 2881 cernere
668 2822 764 2881 letum
787 2823 888 2882 fecisti
910 2826 940 2881 ot
962 2824 1078 2899 patrios
1100 2822 1229 2881 foedasti
1247 2823 1351 2881 funere

322 2910 449 2976 vultus:
487 2930 546 2971 non
574 2911 678 2987 culpat
704 2910 834 2985 hostem,
862 2911 944 2987 quod
966 2911 1084 2970 Politen
1106 2910 1216 2971 occidit
1244 2903 1351 2993 (stulte

408 3106 421 3151 1
443 3099 529 3167 polito
547 3097 600 3151 th
618 3098 705 3167 polite
725 3116 741 3151 r
763 3100 872 3153 Politae
894 3098 952 3164 ed,
974 3098 1027 3151 aad
1045 3104 1097 3151 663
1116 3100 1215 3166 politis
1232 3098 1297 3151 LR.

333 3177 350 3223 2
369 3171 512 3233 fortunam
531 3169 574 3224 ed.
643 3173 660 3222 8
678 3170 775 3223 vicerit
790 3170 809 3223 i.
825 3185 849 3223 e5
868 3170 1014 3223 currendo.
1081 3174 1097 3222 b
1116 3176 1173 3223 tam
1190 3170 1244 3223 LR
1261 3176 1351 3225 tamea

332 3241 396 3294 LII
409 3256 484 3293 man.
503 3258 524 3294 r.
542 3246 546 3307 ι
562 3242 702 3295 absteeeit
719 3238 772 3294 LR
789 3257 858 3295 corr.
877 3259 899 3295 r.
973 3246 989 3294 6
1008 3242 1133 3310 quaesite
1152 3240 1195 3295 ed.
1270 3246 1285 3293 7
1304 3258 1352 3296 aec

332 3312 387 3365 LR
404 3329 472 3366 nem
490 3312 533 3365 ed.
559 3312 563 3383 l
592 3313 670 3380 sequi
687 3311 740 3369 LR
757 3312 884 3381 consequi
902 3311 928 3364 a
945 3311 1014 3380 ipse.
1095 3317 1111 3370 8
1129 3317 1282 3367 currentem
1299 3312 1352 3365 LR

333 3384 435 3437 -ador
453 3400 565 3438 coerces
583 3383 627 3438 ed.
650 3385 654 3450 Ι
680 3384 756 3437 clius
773 3383 795 3436 L
814 3382 904 3454 alius]
920 3400 985 3437 cum
1002 3399 1101 3437 rasura
1118 3384 1145 3436 R
1162 3384 1250 3437 elium
1267 3401 1282 3436 r
1300 3385 1351 3437 ali-

332 3457 414 3510 euius
433 3454 477 3508 ed.
532 3459 601 3507 8-9
617 3470 775 3522 percussore
793 3453 932 3523 accepitL
948 3471 1015 3507 -rem
1028 3472 1055 3509 c.
1069 3454 1095 3506 R
1108 3456 1311 3523 percussionem
1325 3472 1351 3508 a.

334 3525 379 3580 ed.
395 3542 540 3594 percussor
558 3525 663 3593 eecepe't
679 3541 739 3579 nos.
759 3578 762 3584 ,
822 3531 857 3579 10
875 3542 945 3593 quas
962 3524 1016 3577 LR
1034 3542 1117 3593 qaam
1134 3542 1156 3578 r.
1238 3530 1271 3578 13
1286 3542 1351 3594 pro·

332 3597 442 3651 occavit
458 3613 480 3650 r.
498 3599 502 3665 Ι
518 3603 591 3651 at-
602 3602 636 3650 14
654 3597 733 3651 cusis
751 3596 830 3650 deest
847 3596 878 3649 in
892 3596 953 3663 LR,
968 3597 1018 3649 sed
1031 3596 1201 3665 explicatur3
1220 3598 1272 3650 tibi
1287 3599 1352 3665 post

333 3668 429 3737 inquit
446 3669 544 3721 contra
563 3668 684 3720 metrum
702 3666 822 3727 inseruit
839 3667 899 3734 LR,
920 3667 1013 3721 delevi
1032 3685 1095 3720 cum
1113 3668 1156 3721 ed.
1240 3672 1273 3721 18
1291 3667 1351 3720 em·

334 3740 408 3795 dicet
425 3739 468 3792 ed.
555 3744 588 3792 21
604 3754 752 3807 personam
770 3738 824 3790 La
842 3738 884 3792 ed
899 3746 1039 3807 persono?
1081 3789 1083 3793 ,
1121 3744 1155 3793 25
1174 3739 1283 3793 alienas
1300 3736 1353 3790 LR

335 3811 452 3865 alterius
470 3809 535 3880 ed!
556 3810 687 3864 debuerat
703 3808 756 3867 La
775 3809 818 3863 ed.
837 3810 943 3864 deberet
954 3826 1019 3869 ,nos
