3250 4350
658 417 843 487 renunes
861 432 888 485 n
935 469 937 473 η
1217 431 1283 496 235

259 603 380 676 pedem,
405 604 531 676 perator,
560 607 586 661 te
608 619 696 675 passe
722 602 820 661 relicto
842 601 986 675 sperasti?
1009 603 1177 674 taurumque
1198 601 1285 674 resae

261 692 363 764 patria
390 691 495 751 eueidit
521 691 590 751 ere?
634 690 785 750 invidiosa
817 690 938 765 quidem
970 689 1077 764 dietim
1111 688 1163 750 sed
1194 690 1285 765 plena

264 781 389 856 pietatis
413 782 443 839 et
467 800 502 839 ex
525 780 643 840 adfectu
665 780 807 858 religioso
831 778 1018 852 descendens,
1036 777 1148 838 habens
1166 780 1199 836 in
1216 797 1284 855 pro-

265 869 436 930 nominibus
459 868 670 947 gravissimnm
687 869 803 945 pondus
824 870 855 927 et
873 868 947 928 satis
965 867 1100 927 validum
1118 871 1149 926 et
1166 869 1199 926 in
1216 869 1285 943 ipsa

236 957 414 1018 sbrevitate
444 959 575 1018 retinens
606 958 787 1018 latissimam
804 975 926 1017 ,naneae
954 958 1110 1017 rationem.
1155 958 1189 1014 in
1216 975 1284 1032 pro·

264 1047 436 1108 nominibus
460 1047 515 1107 sie:
546 1066 642 1123 mene,
663 1046 773 1123 inquit,
796 1050 828 1105 et
848 1048 888 1105 te.
933 1065 1019 1105 mene
1041 1045 1097 1105 hoa
1121 1049 1167 1105 est
1188 1044 1285 1104 filium

265 1140 353 1196 tunm
375 1139 460 1196 euius
482 1138 637 1213 pietatem,
655 1135 755 1196 officia
776 1136 1011 1213 religionemque
1030 1135 1142 1211 optime
1161 1146 1285 1210 aenpro·

266 1226 354 1287 baeti.
400 1228 430 1284 te
458 1228 513 1302 qui
540 1227 580 1306 sis
607 1229 694 1301 pater
721 1243 818 1300 meus,
848 1226 901 1300 qui
927 1224 1001 1284 bene
1028 1225 1108 1284 nosti
1137 1223 1210 1300 quid
1231 1243 1285 1299 pa·

266 1317 365 1375 rentes
388 1315 515 1375 debeant
537 1314 649 1389 liberis,
673 1313 745 1390 quid
768 1313 825 1372 filii
846 1313 1028 1389 parentibus,
1046 1316 1077 1373 te
1096 1314 1149 1388 qui
1165 1314 1286 1389 praeter

227 1425 253 1464 ιο
267 1397 438 1466 naturalem
461 1403 612 1463 adfectum
633 1406 675 1463 sis
698 1421 794 1477 senex,
818 1404 859 1462 sis
877 1404 953 1462 vitio
972 1403 1104 1478 eorporis
1123 1402 1285 1478 inpeditus,

266 1497 297 1552 te
326 1512 413 1569 quem
441 1495 606 1553 amaverim
633 1512 749 1568 semper
776 1510 951 1568 semperque
983 1492 1134 1551 noluerim.
1180 1491 1286 1550 deinde

267 1583 334 1658 ipsa
357 1601 448 1642 eausa
466 1602 557 1658 quam
575 1583 686 1659 gravis,
705 1599 796 1658 quam
813 1581 970 1656 inpietatis
988 1580 1163 1640 criminibus
1181 1580 1285 1656 plenal

268 1670 352 1729 abire
380 1671 443 1730 sine
469 1673 571 1748 patre,
599 1670 681 1731 abire
704 1671 767 1732 sine
791 1674 911 1729 anctore
933 1669 1073 1745 propriae
1096 1670 1218 1743 salutis,
1240 1689 1287 1728 re«

268 1761 406 1835 linquere
433 1780 532 1820 senem
560 1779 594 1820 ae
622 1759 751 1818 debilem
776 1759 832 1818 ille
859 1762 992 1834 tempore
1021 1762 1112 1834 atque
1134 1759 1188 1817 illo
1210 1759 1286 1833 loeo,

229 1868 254 1908 rs
268 1849 322 1907 ubi
344 1846 438 1912 hostis
461 1849 557 1909 vietor
579 1850 678 1910 fuerat
701 1867 849 1924 superque
872 1847 1040 1921 discrimen,
1063 1847 1115 1906 ubi
1139 1847 1286 1924 flammae,

268 1938 322 1997 nbi
344 1942 518 2014 supererant
541 1938 645 2015 gladii,
668 1938 721 1996 ubi
742 1955 823 1996 mors
847 1941 900 1996 aut
923 1935 1098 1996 detestande
1125 1936 1286 2011 eaptivitas

269 2026 442 2087 inminebat.
474 2046 569 2101 mene,
586 2028 697 2102 inquit,
716 2026 870 2086 abiturum
888 2027 951 2085 sine
969 2028 1000 2083 te
1018 2027 1156 2102 sperasti,
1174 2026 1287 2102 optime

268 2119 364 2193 pater,
388 2119 441 2176 aut
464 2117 564 2193 eliqua
588 2116 694 2193 pedem
716 2113 891 2175 moturum?
936 2117 967 2175 et
989 2116 1090 2191 potuit
1109 2114 1168 2174 tibi
1185 2115 1287 2175 venire

269 2206 301 2265 in
333 2209 462 2265 mentem
494 2209 558 2265 tarn
590 2206 689 2264 dirum
719 2208 843 2281 tamque
874 2204 991 2280 inpium
1027 2205 1123 2280 nefas,
1160 2206 1288 2281 potuisti

230 2315 257 2354 aa
270 2296 402 2373 cogitare
435 2296 513 2371 quod
547 2294 687 2354 abhorret
718 2314 736 2354 a
768 2293 900 2354 moribus
932 2290 1026 2353 meis?
1077 2296 1205 2369 potuisti
1237 2313 1287 2353 ore

270 2386 395 2458 paterno
426 2402 562 2460 premere
590 2383 670 2459 quod
697 2395 744 2442 'me
773 2384 886 2441 faceret
912 2380 1115 2458 parricidam?
1160 2386 1187 2441 si
1212 2383 1290 2442 uitii

271 2476 415 2531 euteria
441 2475 557 2546 superis
579 2474 678 2547 placei
703 2474 775 2532 urbe
800 2473 928 2546 relinqui
955 2475 982 2531 et
1007 2474 1085 2531 sedet
1105 2473 1158 2530 toa
1180 2472 1341 2531 auiu0660

268 2564 474 2633 perituraeque·
495 2561 602 2621 addere
626 2562 732 2621 Troiae
757 2565 838 2635 teque
865 2566 984 2633 tuosque
1010 2563 1106 2630 iurat,
1128 2564 1211 2634 patei
1237 2562 1289 2619 isti

271 2651 365 2712 ianua
388 2652 454 2708 leta:
478 2650 647 2711 artificiosa
661 2651 754 2709 diebu
772 2651 905 2726 satisque
924 2650 1053 2725 subtilis,
1072 2650 1238 2708 consentire
1257 2668 1288 2709 se

231 2758 256 2797 rs
271 2739 394 2800 simulat
413 2738 476 2800 eius
496 2740 647 2799 voluntati
661 2742 806 2799 ettamen
819 2740 898 2798 hune
911 2739 1171 2799 vehementissime
1186 2740 1288 2812 terret,

270 2846 308 2886 ne
330 2828 363 2885 in
387 2828 490 2888 eadem
513 2829 648 2888 cessandi
669 2830 821 2904 pravitate
843 2828 992 2903 perduret
1039 2829 1066 2886 si
1087 2827 1157 2903 hoe,
1180 2827 1288 2903 inquit,

270 2917 388 2991 placuit
410 2919 533 2993 superis,
556 2921 591 2976 ut
614 2917 651 2977 de
672 2936 784 2995 magna
806 2917 879 2975 urbe
902 2916 1003 2975 nullae
1022 2916 1168 2993 reliquiae
1187 2935 1288 2991 super·

270 3007 340 3078 sint,
364 3005 454 3082 idque
477 3008 508 3065 et
530 3008 564 3068 tu
587 3006 695 3081 probas
719 3006 798 3081 qnod
818 3005 997 3065 adversariis
1016 3009 1138 3082 gratum
1157 3008 1210 3079 est,
1229 3026 1289 3064 non

270 3095 355 3153 deest
369 3095 505 3155 omnibus
519 3095 604 3155 nobis
618 3097 733 3155 aaeasio
747 3094 903 3170 moriendi,
913 3094 968 3153 fiat
980 3094 1063 3153 istud
1077 3113 1146 3153 eum
1157 3095 1291 3154 hostium

316 3243 318 3245 ’
345 3252 360 3300 6
382 3253 465 3301 ueeute
483 3248 532 3301 bae
550 3244 588 3300 est
606 3245 627 3298 L
646 3245 738 3317 meruli
753 3247 778 3300 b.
798 3264 819 3301 e.
838 3246 872 3300 a.
957 3247 1092 3314 ioffieiis
1109 3247 1290 3316 reiipioueque

270 3318 315 3370 ed.
392 3322 424 3371 12
444 3318 622 3386 iupietatibus
640 3317 666 3369 R
684 3333 753 3371 corr.
773 3336 794 3372 r.
869 3323 902 3371 13
922 3318 998 3372 abire
1016 3318 1075 3371 siue
1090 3323 1172 3385 patre
1191 3334 1245 3371 om.
1265 3318 1291 3370 R

271 3389 336 3442 add.
357 3406 372 3441 r
385 3414 419 3433 =
434 3388 463 3441 L.
519 3394 552 3443 15
571 3405 703 3457 superque
717 3388 768 3442 LR
782 3405 991 3459 supremumque
1008 3387 1029 3442 r'
1044 3388 1139 3442 neseio
1155 3404 1191 3442 an
1205 3391 1289 3443 reete.

327 3465 361 3513 16
380 3466 513 3527 superarat
530 3460 551 3512 L
571 3459 614 3513 ed.
633 3467 759 3529 separarat
776 3461 802 3513 R
821 3476 889 3515 aarr.
905 3459 994 3513 r=L
1013 3465 1175 3529 supererant
1194 3475 1253 3530 noe.

273 3536 305 3588 127
325 3531 486 3585 habitururn
504 3530 556 3586 La
574 3547 644 3584 sorr.
662 3548 684 3583 r.
772 3537 806 3585 it>
824 3531 895 3586 sedit
913 3531 974 3584 LR.
1062 3536 1095 3583 23
1111 3532 1290 3599 perituraque

271 3602 325 3655 LR
344 3618 414 3655 corr.
433 3619 454 3654 r.
480 3602 484 3670 l
514 3608 589 3672 teque
605 3618 707 3671 uaeque
725 3602 747 3655 L
766 3608 843 3671 teque
860 3619 961 3671 uosque
979 3602 1006 3655 R
1024 3609 1049 3657 te
1067 3618 1172 3670 quaque
1190 3615 1291 3669 uosque

271 3673 315 3727 ed.
326 3680 413 3740 ‚teque
431 3678 542 3742 trosque
560 3690 581 3732 r.
673 3678 706 3727 26
725 3678 806 3728 terret
823 3673 876 3726 LR
894 3680 964 3728 terret
982 3673 1026 3727 ed.
1113 3678 1147 3727 26
1166 3672 1292 3727 cessandi

271 3744 324 3799 aa
349 3744 486 3799 arraudi
508 3744 551 3799 ed.
610 3780 611 3783 =
661 3744 877 3813 eruperaet
899 3744 1086 3813 superbisti
1108 3745 1215 3813 superis
1232 3761 1254 3797 r.

271 3822 306 3869 29
325 3815 379 3883 {iat
396 3813 550 3884 Lunum
568 3817 619 3883 fiat
638 3815 681 3870 ed.
