3250 4350
663 427 847 483 AENEIDOS
865 427 892 482 V
1221 428 1287 494 515

268 596 418 672 praedicti
440 598 557 674 generis
580 597 724 655 animalis
745 597 901 672 inmolari,
927 599 992 673 ipse
1014 595 1094 657 idom
1118 601 1186 657 exte
1208 617 1286 657 sum·

268 688 326 761 pte
348 704 383 744 ex
401 685 582 762 hiseeeepit
605 689 741 761 peterem
758 689 863 746 tenens
887 689 917 746 et
939 689 1022 746 stans
1045 685 1124 745 celse
1141 688 1174 745 in
1191 687 1288 764 puppi

268 775 373 832 omniu
394 776 521 850 proieeit
542 776 575 832 in
597 774 704 835 fluetus
732 775 844 835 addens
867 777 984 850 vinum‚·
1011 773 1091 850 quod
1118 774 1234 835 ferebat
1254 777 1287 834 in

268 865 385 938 petere.
416 866 607 938 prosequerer
623 881 746 938 serpens
764 882 785 924 a
796 866 897 939 puppi
914 868 1016 923 ventus
1035 866 1145 923 emtis:
1167 867 1287 924 tantum

233 951 416 1011 oseemfieie
452 953 626 1029 valuerunt,
669 955 706 1011 ut
743 972 803 1011 non
836 953 951 1012 deesset
982 955 1180 1028 oportunitasv
1203 955 1288 1014 venti

269 1041 417 1100 venientis
441 1061 459 1101 s
482 1043 591 1118 puppi;
621 1043 686 1118 ipse
714 1045 759 1102 est
786 1043 867 1102 enim
894 1045 1001 1101 ventus
1033 1043 1205 1118 prosperior
1232 1042 1287 1117 qui

268 1148 377 1189 nerem
404 1132 546 1206 sequitur.
597 1133 728 1190 certatim
753 1133 826 1191 sees’i
852 1133 966 1206 feriunt
992 1149 1075 1190 mare
1105 1135 1132 1190 et
1158 1147 1287 1204 aequora

267 1223 406 1279 verrunt:
428 1219 558 1278 adventu
581 1219 706 1278 fletuum
729 1220 869 1281 laetiores
888 1220 987 1279 effoeti
1003 1221 1094 1278 remis
1113 1220 1236 1298 navigia
1253 1221 1286 1280 in

268 1307 367 1368 ultum
388 1308 583 1384 proieiebent.
1270 1318 1272 1321 '

218 1412 251 1455 m
336 1395 379 1455 Ar
406 1398 503 1457 Venus
525 1400 637 1458 interea
658 1397 831 1472 Neptmemu
859 1399 983 1457 exercite
1005 1399 1085 1457 euris
1108 1398 1277 1471 adloquitur
1288 1401 1340 1453 780

266 1486 393 1559 talisque
429 1488 553 1561 effendit
578 1490 694 1560 pertore
726 1491 858 1561 queens.-
898 1486 1072 1561 adioquitur
1107 1486 1286 1561 qualitatem

267 1574 409 1633 dictionis
436 1575 555 1634 futurae
582 1594 642 1634 non
670 1575 824 1652 exprimit3
857 1574 980 1634 dubium
1007 1578 1052 1635 est
1080 1576 1160 1634 enim
1188 1575 1285 1650 qualis

266 1663 372 1721 fiiture
394 1666 435 1722 sit
457 1664 621 1739 edlooutio;
651 1664 777 1723 effimdit
799 1667 901 1723 temen
924 1667 954 1723 et
977 1667 1098 1739 questus
1123 1683 1159 1723 ex
1182 1667 1285 1739 aperto

265 1754 417 1811 monstret
440 1771 502 1814 esse
525 1750 642 1828 aliquid
664 1751 744 1828 quod
772 1753 849 1811 irem
876 1753 1030 1812 loeuturee
1056 1756 1233 1829 pronuntiet
1255 1756 1286 1812 et

218 1855 249 1899 rs
265 1839 409 1899 dolorem.
463 1841 592 1902 quenis
620 1844 723 1917 pravis
757 1845 806 1901 e'r'a
843 1859 934 1915 neque
971 1843 1152 1901 moderabile
1182 1846 1298 1916 praem·
1333 1856 1335 1861 ’

265 1933 373 2002 cenent
393 1939 448 2000 me
470 1931 615 2005 Neptune,
632 1948 735 2006 preces
757 1931 927 1990 descendere
948 1933 983 1990 tn
1000 1933 1103 2000 onmis
1126 1948 1216 2006 quarn
1233 1949 1286 1990 nee

264 2018 356 2093 lenqa
378 2019 441 2078 dies
456 2021 555 2093 pietas
577 2036 630 2080 nee
651 2022 767 2095 mitteret
783 2020 848 2079 ulle
869 2036 922 2079 nee
934 2019 1017 2079 Iovis
1038 2022 1161 2095 imperio
1178 2022 1286 2095 satisne

263 2109 398 2182 {refracta
420 2111 557 2183 quiesce·
578 2129 688 2187 magne
711 2109 768 2168 hoe
790 2109 856 2169 loeo
880 2112 911 2168 et
933 2107 1096 2168 artifieiose
1116 2109 1284 2185 eoneeptio3

264 2216 339 2256 nem
365 2199 445 2256 inter
471 2198 538 2274 ipse
564 2199 653 2258 initia
680 2202 711 2258 et
737 2218 896 2275 personum
923 2218 1009 2258 suem
1038 2197 1226 2258 commendet
1254 2202 1286 2260 et

218 2299 249 2346 u
264 2285 417 2346 deformet
443 2286 591 2347 inimiese.
646 2286 770 2348 dieendo
801 2291 882 2348 enim
911 2307 1056 2364 provocor
1083 2290 1224 2368 conqueri
1254 2290 1285 2348 ot

265 2393 344 2451 ques
363 2377 547 2451 provocabat
565 2378 748 2455 merebatur
765 2378 881 2437 invidie
899 2380 930 2436 et
949 2396 1025 2452 quae
1042 2377 1201 2453 provocari
1219 2395 1283 2437 sese

264 2464 448 2539 querebatur
466 2466 555 2541 eulpe
567 2484 694 2525 veeuem
712 2484 774 2526 sese
792 2466 951 2526 leborebet
969 2464 1131 2526 ostendere.
1167 2466 1284 2525 interes

264 2556 366 2629 eoepit
388 2573 407 2612 e
433 2556 566 2628 nomine,
593 2557 628 2613 ut
655 2555 824 2614 ostenderet
851 2575 886 2614 er
914 2556 976 2614 eius
1004 2555 1137 2630 primatu
1165 2553 1283 2613 adsum·

262 2644 350 2719 ptem
363 2644 539 2719 potentium.
577 2643 693 2703 eddidit
711 2646 811 2722 gravis
829 2646 890 2704 irs:
913 2646 1013 2721 gravis
1031 2644 1087 2702 hoe
1106 2645 1152 2701 est
1169 2643 1283 2701 iniuste

218 2746 247 2790 Ι
262 2734 296 2791 et
313 2730 437 2806 perinde
456 2734 570 2809 gravis:
593 2733 666 2791 ferri
685 2734 766 2791 enim
783 2752 843 2792 non
861 2734 981 2809 poteret
1003 2751 1080 2807 quee
1098 2732 1283 2792 ireseebstur

262 2820 378 2879 frustra
400 2820 458 2880 hoe
481 2823 526 2879 est
553 2839 620 2880 eum
648 2840 738 2881 eeuse
765 2840 825 2882 non
853 2823 1036 2897 suppeteret,
1068 2820 1175 2882 deinde
1205 2839 1283 2896 ques

261 2911 443 2968 iresteretur
471 2908 656 2969 inmoderate
682 2929 737 2971 nee
766 2914 869 2987 peetus
895 2912 959 2971 eius
987 2910 1151 2969 innumeris
1179 2910 1282 2970 Troia·

261 3016 372 3056 norum
401 2998 557 3073 supplieiis
587 3000 762 3075 satiaretur3
792 2999 948 3059 exserendi
978 3003 1078 3058 eutem
1108 3002 1178 3058 sunt
1206 3000 1283 3059 eius·

218 3213 222 3230 2
335 3170 352 3217 9
372 3166 473 3234 profici
496 3184 560 3220 eum
583 3166 708 3238 quinque
730 3167 890 3222 litterarum
918 3168 1010 3236 spatio
1033 3168 1055 3221 L
1082 3167 1158 3221 idem
1186 3183 1282 3237 super·

260 3236 370 3306 seripto
389 3242 441 3291 rent
454 3236 480 3289 R
497 3236 542 3291 vel
557 3240 716 3307 propellunt
733 3239 764 3291 in
782 3254 871 3309 marg.
885 3236 909 3292 τ’
923 3240 1062 3307 proficisci
1074 3239 1221 3292 studebant
1237 3238 1281 3293 ed.

257 3308 433 3377 proiciebant
451 3307 496 3376 (ef.
507 3310 570 3376 837)
588 3326 648 3377 nos,
663 3309 738 3377 quod
757 3309 826 3363 lieet
844 3309 972 3379 exemplo
991 3311 1094 3377 eereet,
1108 3312 1207 3363 temen
1225 3327 1281 3363 non

218 3373 220 3408 ²
258 3379 356 3432 minus
379 3377 502 3433 latinum
523 3377 635 3433 videtur
658 3396 743 3448 quem
766 3380 874 3448 „eicere
897 3386 1008 3435 neves“.
1099 3385 1132 3432 12
1152 3382 1282 3435 dictionis

218 3449 221 3482 ;
257 3451 378 3518 suttune
396 3449 449 3502 LR
471 3451 546 3505 verbi
563 3451 655 3517 futuri
673 3452 716 3507 ed.
808 3457 842 3505 is
860 3458 887 3505 et
904 3459 1012 3521 quwtue
1030 3450 1081 3503 LR
1100 3450 1150 3504 edi
1172 3458 1282 3519 questus

218 3519 222 3555 ²
259 3528 285 3578 et
304 3520 374 3575 eus.
431 3526 464 3574 14
483 3528 616 3576 morenae
628 3521 681 3575 LR
694 3522 737 3577 ed.
752 3528 923 3579 muneram
983 3528 1016 3576 15
1034 3539 1120 3591 neque
1137 3528 1281 3577 ereatura·

218 3592 222 3626 ²
258 3593 315 3650 orte
333 3590 388 3645 LR
405 3598 431 3645 et
448 3593 650 3648 inexaturabde
668 3594 711 3649 ed.
728 3594 776 3663 (ed
791 3600 843 3661 1,4
857 3610 914 3649 non
927 3593 1066 3647 mutavit.
1123 3597 1228 3645 16—17
1247 3609 1282 3647 ne

219 3707 223 3712 .
256 3666 346 3734 lonpa
365 3661 426 3717 LR.
483 3668 515 3716 17
533 3664 654 3731 fatisque
669 3664 722 3718 LR
739 3666 839 3732 fatieve
856 3665 928 3719 red.
943 3664 994 3734 (sie
1013 3663 1043 3716 in
1106 3662 1195 3717 etiem
1209 3663 1281 3733 LR).

314 3739 352 3787 23
371 3733 519 3801 abneptem
532 3733 585 3787 Le
603 3735 775 3804 absumptam
793 3736 836 3791 ed.
852 3735 1024 3804 adsumptam
1044 3734 1091 3803 (ef.
1103 3738 1166 3802 789)
1184 3751 1244 3789 nos.

254 3812 292 3864 27
314 3803 707 3861 mommoriacensi.
781 3806 1097 3863 suessionenci.
1187 3830 1189 3834 ·

1013 3898 1072 3951 tt*
