3250 4350
661 435 844 496 cunamen
862 437 901 490 IV
1203 428 1292 509 '381

277 609 324 665 est
346 605 418 681 quid
440 607 584 666 moliatur
605 598 787 686 tractando).
833 605 908 666 haec
929 605 1033 680 utique
1057 605 1239 681 discantur,
1265 608 1294 669 d

276 695 501 772 responsionem
523 695 652 754 hominis
676 695 748 754 deira
771 707 912 771 praesens
935 696 1083 771 potasset
1106 695 1247 771 accipere.

345 785 422 843 Tum
443 802 510 843 uero
531 783 649 843 Aeneas
672 788 790 856 aspera
813 785 955 846 obeunte
977 789 1284 857 miscenturque
1293 791 1346 842 280

275 875 395 932 horrore
421 890 519 932 comae
547 877 649 932 neoc
670 874 808 946 fucatus
829 874 944 937 baresii:¹
967 872 1123 932 recedente
1145 873 1292 937 Mercurio

248 963 435 1039 sevigilavit
469 962 587 1021 Aeneas
624 981 750 1037 eumque
787 979 888 1023 secum
923 961 1125 1029 consideraret
1160 962 1226 1022 visa
1248 964 1293 1030 ⁴et

277 1051 393 1126 andita,
421 1052 551 1129 elinguis
579 1051 699 1111 effectus
723 1054 777 1125 est,
799 1050 898 1111 haesit
919 1050 1055 1110 faucibus
1077 1069 1136 1111 nox
1159 1051 1234 1126 eina,
1262 1054 1317 1114 etv

275 1160 429 1200 comarum
447 1141 588 1200 mollities
602 1157 713 1215 pavore
724 1141 945 1207 interveniente
959 1139 1075 1210 durate,
1089 1140 1160 1205 dnm
1172 1141 1292 1214 iaceret,

276 1233 375 1289 erecta
393 1233 446 1289 est.
484 1230 637 1289 videamus
660 1230 730 1305 post
752 1229 826 1288 baec
848 1228 949 1305 qualis
972 1228 1168 1306 cogitationes
1186 1229 1292 1289 habuit

276 1320 392 1378 monita
414 1318 544 1377 Mercuri
566 1320 769 1393 pertractans:
790 1319 883 1387 ardet
901 1319 1014 1393 inquit,
1036 1319 1119 1378 abire
1135 1319 1210 1392 seue
1227 1317 1292 1383 decb

233 1430 261 1469 ie
277 1409 372 1479 nsque
398 1409 560 1481 relinquere
587 1411 681 1466 terras
708 1410 848 1466 utendus
875 1410 955 1465 tento
980 1409 1093 1467 merdin
1115 1408 1292 1481 nanneni

276 1496 404 1555 deorum.
441 1515 501 1555 non
518 1498 617 1555 inanis
637 1496 812 1556 deliberatio
837 1496 916 1571 apud
939 1515 1008 1554 cum
1029 1496 1090 1555 fuit
1113 1514 1201 1571 quem
1223 1513 1291 1555 con-

276 1585 376 1644 stabat
408 1585 531 1645 deorum
562 1604 625 1644 esse
658 1586 810 1644 cultorem.
857 1586 941 1644 cuiue
968 1586 1013 1644 rei
1040 1584 1291 1660 contemplatione

275 1678 427 1749 permotus
446 1674 597 1734 tractabat
615 1694 675 1733 non
693 1675 791 1735 minus
810 1675 903 1737 etiam
922 1673 1014 1733 aliam
1031 1678 1156 1750 partem.
1191 1691 1291 1734 occur·

274 1763 382 1822 rebant
404 1765 483 1822 enim
502 1763 628 1823 Didonis
650 1764 823 1824 humanitas
846 1765 877 1821 ot
894 1764 961 1838 ipsa
979 1763 1204 1839 qualiacumque
1222 1781 1291 1823 con·

232 1874 259 1914 15
274 1852 388 1911 iunctio
416 1856 446 1912 et
472 1855 570 1912 terrae
596 1854 659 1911 iam
685 1852 786 1911 dulces
814 1870 850 1910 ex
876 1869 968 1910 mora.
1014 1870 1140 1927 cumque
1167 1871 1227 1911 uno
1256 1871 1292 1910 ex

275 1942 369 2000 latere
393 1946 488 2000 metus
512 1941 632 1999 divinae
655 1940 794 2001 iussionis
818 1941 983 2015 insisteret,
1009 1959 1044 2000 cx
1067 1940 1163 2000 altero
1185 1941 1291 2016 pudor,

275 2031 348 2105 quid
376 2030 473 2090 facere
502 2030 621 2089 deberet
648 2032 680 2088 in
702 2030 760 2090 teli
782 2031 902 2107 negotio
926 2030 1087 2107 cogitabat.
1134 2029 1291 2089 constabat

273 2122 376 2179 tamen
403 2119 483 2180 Iovis
513 2138 547 2179 ac
569 2119 697 2182 Mercuri
725 2119 904 2179 sententiam
930 2118 1186 2196 praeponendam,
1213 2137 1290 2195 quae

274 2211 404 2269 faciebat
431 2229 486 2285 pro
513 2208 647 2270 utilitate
674 2209 834 2269 tractantis
862 2211 894 2267 et
919 2210 1078 2285 potestatis
1109 2210 1289 2267 auctoritate

232 2320 259 2359 ro
274 2300 380 2357 ceteris
404 2299 507 2358 debuit
529 2299 680 2357 anteferri.
725 2300 911 2357 remanserat
936 2299 1031 2375 igitur
1058 2298 1176 2357 consilii
1201 2300 1290 2371 ratio,

273 2391 374 2447 utrum
398 2387 509 2448 sciente
533 2406 571 2446 an
593 2387 689 2447 inscia
704 2387 821 2447 Didone
840 2387 952 2446 discedi
970 2387 1090 2447 deberet
1108 2389 1163 2448 aut
1180 2389 1288 2462 posset

272 2476 329 2535 hoc
347 2479 393 2535 est
417 2477 496 2551 quod
519 2477 563 2536 ait
583 2477 640 2535 beu
658 2476 729 2549 quid
747 2477 836 2550 wat?
859 2493 915 2549 quc
932 2494 1012 2536 nnuc
1029 2478 1161 2549 recinam
1179 2476 1290 2540 ambire

271 2567 417 2638 furentem
434 2566 544 2625 audeat
561 2566 687 2640 adfatu?
706 2581 780 2638 qnae
793 2566 897 2639 priene
915 2566 1035 2624 exordia
1052 2566 1170 2623 sumat?
1195 2567 1342 2636 auersa

273 2657 406 2713 animum
428 2673 507 2715 emur
529 2656 585 2713 buc
607 2656 733 2723 celerem,
751 2672 831 2713 nuuc
852 2654 958 2713 diuidit
978 2654 1049 2718 dirce
1070 2650 1289 2727 [repertione

230 2764 257 2805 ao
272 2746 353 2816 rapu
374 2746 477 2802 uarius
493 2761 605 2818 perque
628 2746 728 2803 munic
750 2740 872 2817 ceroci]
908 2744 941 2801 in
963 2743 1010 2802 his
1033 2745 1134 2801 tamen
1157 2742 1288 2819 aestibus

272 2834 367 2890 animi
390 2833 567 2906 constituto,
595 2851 663 2891 cum
684 2833 854 2891 reverentia
874 2832 971 2891 maior
993 2850 1061 2890 cum
1082 2831 1197 2908 pudore
1220 2847 1288 2890 con-

272 2922 417 2996 tenderet,
437 2922 572 2981 constitit
591 2922 643 2981 diu
662 2923 847 2999 exagitatam
864 2920 971 2980 robore
988 2920 1112 2980 fortiore
1131 2920 1288 2980 consilinm

271 3014 303 3069 et
322 3012 402 3086 quod
421 3013 453 3068 in
471 3011 567 3085 partis
585 3012 651 3070 tota
670 3011 823 3069 celeritate
841 3007 1015 3085 rapiebatur
1033 3011 1166 3069 cautiore
1185 3009 1288 3068 defini·

270 3102 354 3159 tione
372 3099 521 3158 firmatum
542 3103 599 3159 eat:
621 3101 692 3159 baec
709 3100 868 3159 alternanti
881 3100 979 3171 potior
997 3101 1138 3159 sententia
1155 3101 1220 3158 eisc
1238 3103 1287 3158 est.

345 3329 359 3375 1
380 3322 428 3390 qui
445 3323 577 3377 moliatur
594 3321 620 3375 R
638 3339 706 3376 corr.
721 3340 742 3376 r.
803 3328 819 3376 2
838 3322 901 3377 decc
918 3321 970 3375 LR
989 3338 1058 3375 corr.
1071 3338 1094 3373 r.
1150 3326 1165 3372 7
1185 3322 1288 3375 durate

269 3410 325 3446 om.
346 3393 389 3446 ed.
463 3398 479 3448 8
498 3400 585 3448 erecta
602 3394 655 3447 LR
672 3395 776 3450 durata
794 3393 838 3449 ed.
855 3396 859 3461 Ι
879 3394 977 3447 babuit
994 3392 1047 3447 LR
1064 3392 1190 3452 babuerit
1208 3391 1250 3445 cd.

272 3470 377 3517 14-15
396 3466 553 3519 coniunctio
571 3470 659 3519 terrac
677 3467 734 3520 iam
752 3466 844 3519 dulces
856 3463 914 3520 ‚LR
936 3464 1026 3519 dulcet
1044 3463 1096 3530 ed,
1116 3463 1164 3517 sed
1184 3464 1286 3532 petalis

269 3553 384 3603 unumne
403 3536 440 3588 ad
456 3536 574 3589 Didonis
594 3536 819 3590 coniunctionem
838 3538 957 3605 spectat,
976 3551 1063 3604 quare
1081 3541 1107 3588 et
1125 3540 1212 3587 terrae
1229 3535 1287 3587 iam

269 3608 364 3662 dulces
382 3609 411 3661 et
429 3609 606 3662 occurrebant
624 3607 723 3677 scripsi
743 3607 802 3661 -bat
819 3606 872 3661 th
890 3606 934 3664 ed.
1017 3611 1049 3666 ,Π
1069 3606 1127 3667 ιαῑίι
1139 3604 1192 3658 LR
1210 3610 1286 3658 tum

270 3678 315 3733 ed.
378 3684 411 3731 21
430 3681 520 3734 vienna
539 3678 591 3731 LR
609 3685 701 3733 atrurn
719 3696 735 3731 r
753 3678 795 3733 ed.
861 3683 895 3731 24
914 3679 988 3731 in-
1000 3682 1034 3730 25
1052 3681 1142 3731 coeat
1159 3676 1240 3731 deest

268 3749 336 3817 LR,
356 3750 406 3803 sed
424 3749 588 3818 explicetur.
662 3755 695 3803 26
715 3751 877 3808 counitum
895 3749 948 3801 LR
966 3749 1009 3803 ed.
1030 3754 1069 3808 rto
1086 3764 1145 3806 noa.
1169 3747 1173 3819 Ι
1198 3762 1245 3819 aad

269 3839 325 3875 om.
341 3821 406 3875 eur.
479 3826 513 3875 29
531 3823 671 3889 firmatum
689 3820 715 3873 R
731 3822 813 3888 fieren
831 3823 851 3888 f.
871 3820 900 3874 L.
