3250 4350
663 451 845 506 AENEIDOS
864 452 889 506 V
1224 451 1291 515 453

273 618 420 693 puniceis,
452 619 508 679 hcc
542 624 587 679 est
618 623 703 680 vittis
733 624 852 681 russeis.
901 620 981 696 quod
1007 620 1083 679 dixit
1110 624 1224 695 omnes,
1253 620 1291 679 ad

273 708 329 766 tris
361 708 489 766 refertur
520 712 574 785 qui
605 713 775 784 praesentes
807 711 945 785 aderant,
977 728 1037 769 non
1070 710 1107 768 ad
1140 712 1290 785 quattuor,

272 798 346 871 quia
369 798 499 855 nondum
523 801 647 857 venerat
667 798 829 876 Sergestus.
867 817 933 858 curn
950 816 1037 858 succo
1055 799 1172 872 scopulo
1189 799 1346 858 mutuato

271 887 324 942 etc
351 890 413 944 orte
439 889 573 946 revulsus
602 890 719 947 amissis
745 891 835 947 remis
862 892 947 961 atquc
973 890 1076 946 ordine
1103 889 1205 953 debilis
1232 905 1292 946 uero

240 976 400 1036 meream
427 977 490 1034 stne
516 977 623 1035 honore
650 980 742 1035 ratem
768 976 919 1050 Sergestus
948 978 1066 1051 egebat:
1100 977 1197 1034 multa
1225 995 1292 1035 con

272 1065 367 1139 gessit
395 1083 471 1139 quae
499 1066 673 1124 tarditatem
701 1065 783 1125 illius
811 1066 1067 1141 ludibriosumque
1090 1065 1220 1124 reditum
1243 1065 1292 1124 de·

271 1156 482 1221 monstrarent.
517 1156 568 1227 sic,
586 1157 695 1230 inquit,
713 1173 801 1214 saevo
821 1155 992 1214 inhaeserat
1010 1174 1090 1229 saxo,
1108 1157 1143 1212 ut
1161 1154 1293 1231 plurima

274 1244 338 1299 arte
366 1244 417 1299 vix
444 1242 529 1301 nevis
562 1243 684 1302 liberari
716 1244 837 1303 valeret.
884 1245 1024 1304 veniebat
1053 1246 1154 1303 autern
1181 1245 1292 1322 inrisus

273 1331 392 1404 perdita
419 1332 512 1391 totius
541 1335 711 1393 certaminis
735 1335 850 1410 gratia3
882 1334 991 1413 agebat
1014 1335 1093 1392 enim
1117 1351 1224 1391 navem
1246 1352 1292 1390 re·

226 1439 258 1479 1c
273 1439 391 1477 morum
413 1440 535 1480 suorum
559 1423 718 1480 amissione
737 1422 906 1482 deformem.
943 1422 1022 1499 quod
1041 1423 1117 1480 dixit
1136 1420 1291 1498 Sergestus

273 1509 397 1584 agebat,
429 1528 496 1568 cum
529 1529 624 1569 remos
657 1531 716 1570 non
748 1511 885 1586 haberet,
914 1513 1052 1589 intellegi
1078 1511 1176 1571 voluit
1202 1513 1292 1585 poeta

271 1597 353 1672 quod
377 1596 509 1675 Sergesti
531 1600 668 1658 manibus
693 1600 858 1676 duceretur,
883 1603 918 1659 ut
941 1603 983 1660 sie
1006 1601 1113 1660 saltem
1136 1602 1290 1676 pervenire

270 1689 427 1761 potuisset.
474 1690 570 1760 qualis
593 1706 679 1762 saepe
706 1692 771 1748 ciac
799 1690 958 1763 deprensus
980 1693 1013 1748 le
1036 1707 1138 1764 aquae
1164 1707 1290 1762 serpens,

270 1793 360 1834 aerea
383 1795 467 1849 quem
488 1779 611 1837 cbltcwm
629 1782 695 1836 roto
714 1779 832 1837 transiit
850 1782 903 1836 aot
917 1780 1019 1854 grauis
1037 1781 1096 1837 ictu
1114 1779 1282 1837 seminecem
1292 1782 1344 1832 275

223 1884 254 1924 16
271 1864 358 1937 liquit
384 1883 455 1924 socc
483 1866 667 1939 lacerumque
693 1869 797 1934 otetur,
825 1870 1017 1941 nequicquam
1045 1868 1143 1939 longos
1174 1868 1291 1940 fugiens

272 1955 327 2011 dot
354 1972 471 2027 corpore
499 1960 604 2015 locius:
640 1956 738 2014 tortus
767 1957 971 2015 accusativum
1001 1957 1148 2031 pluralem
1180 1957 1289 2030 posuit,

270 2044 390 2101 utnon
414 2063 533 2119 serpens
557 2043 694 2104 uideatur
716 2047 824 2120 tortus,
848 2044 908 2118 sed,
932 2064 999 2104 cum
1022 2063 1053 2103 se
1076 2046 1230 2118 torqueret
1255 2063 1290 2102 ex

270 2131 404 2191 vulneris
433 2150 537 2209 cansa,
565 2136 662 2193 tortus
690 2135 823 2210 corporis
851 2135 975 2195 lacerati
1006 2134 1126 2193 fecisset
1157 2133 1213 2192 hoc
1245 2137 1290 2194 est

270 2221 456 2296 inflexiones,
474 2225 509 2280 ut
532 2224 571 2282 sit
595 2224 649 2283 hos
672 2226 778 2282 tortus.
811 2229 900 2298 porte
917 2227 1001 2298 feroc
1019 2225 1181 2296 ardensque
1199 2224 1290 2282 oculis

220 2332 253 2371 ao
270 2315 297 2368 ct
321 2313 408 2369 sibila
431 2313 505 2371 cello
524 2313 638 2372 arduus
657 2313 797 2382 attollens,
811 2332 889 2387 pars
906 2315 1026 2372 uulnere
1043 2313 1152 2371 claudo
1169 2315 1291 2371 retentat

269 2402 421 2458 eieuutcm
447 2403 533 2460 cedis
560 2418 644 2474 seque
666 2404 699 2461 e'u
721 2420 778 2462 suo
800 2404 931 2461 nembro
948 2402 1115 2476 plicantem.
1161 2402 1215 2459 tuli
1237 2405 1344 2457 re-280

269 2489 359 2559 micio
381 2492 468 2548 nocis
486 2508 516 2548 sc
534 2492 623 2550 turdo
644 2492 789 2549 movebat:
812 2494 863 2565 sic,
881 2493 991 2567 inquit,
1009 2489 1186 2549 movebatur
1203 2491 1289 2549 navis

270 2581 426 2635 exarmata
453 2597 602 2638 remorum
630 2580 785 2654 subsidiis,
813 2580 961 2655 quomodo
988 2582 1063 2639 solet
1086 2598 1145 2637 uno
1168 2581 1200 2636 in
1223 2579 1288 2636 lcco

270 2684 425 2724 remanere
453 2685 572 2742 serpens
600 2670 741 2728 volubilis
764 2672 850 2729 rotae
873 2670 1004 2728 transitu
1027 2668 1133 2726 debilis
1156 2666 1289 2725 redditus

218 2776 249 2817 ee
270 2757 327 2811 aut
350 2756 473 2814 viatoris
496 2757 561 2814 ictu
583 2777 749 2833 percussus,
769 2777 839 2817 cum
863 2760 1030 2837 exagitatus
1049 2756 1181 2816 vulneris
1200 2774 1291 2815 censa

268 2845 303 2900 in
332 2861 448 2901 cessum
476 2846 573 2904 saevit
600 2849 630 2905 et
655 2849 687 2904 in
719 2866 780 2907 sese
813 2848 947 2907 volvitur
977 2864 1031 2905 nec
1063 2864 1187 2921 usquam
1221 2865 1289 2921 prc-

268 2932 415 3009 greditur.
461 2934 525 2993 celo
552 2937 625 3008 facit
651 2939 748 2995 tomen
773 2940 800 2995 et
822 2937 893 2996 celis
915 2937 994 2995 sebit
1015 2938 1090 2994 ostiu
1107 2936 1220 3008 plenis:
1251 2953 1289 2993 ne

267 3024 373 3079 temen
406 3024 511 3082 ceteris
541 3024 746 3099 voluptatibus
774 3025 903 3085 maiores
930 3027 1042 3083 faceret
1069 3042 1182 3097 morae,
1214 3024 1289 3083 velis

268 3113 408 3186 pervenit
431 3111 551 3171 flatibus
575 3115 720 3187 oportune
743 3115 926 3189 iuvantibus,
952 3115 1064 3173 faciens
1089 3116 1193 3172 contra
1215 3132 1288 3171 nau-

218 3223 248 3265 so
267 3201 363 3257 ticam
387 3199 578 3276 disciplinam
605 3204 790 3261 necessitatis
819 3222 923 3280 causon
959 3203 1060 3261 nullus
1089 3204 1168 3259 enim
1195 3204 1289 3260 naute

297 3330 484 3336 ’.Μ-

344 3412 357 3455 1
378 3407 493 3472 punicis
515 3405 568 3458 LR
591 3408 687 3476 (supra
709 3408 802 3477 recte).
838 3411 842 3477 Ι
877 3408 1017 3463 ruceeisL
1041 3410 1124 3461 roseis
1141 3406 1167 3459 R
1190 3405 1289 3458 r=L

266 3476 362 3531 culcis
381 3475 422 3530 ed.
503 3482 616 3531 tsacco
635 3477 687 3530 LR
705 3478 816 3532 seed.
896 3484 929 3532 10
947 3486 1061 3533 secestus
1078 3478 1108 3531 L.
1192 3483 1223 3530 13
1243 3477 1288 3530 de-

260 3547 416 3617 prehensus
435 3547 478 3601 ed.
558 3553 589 3600 17
609 3554 716 3603 utnon
733 3549 786 3603 LR
804 3567 838 3605 ce
858 3551 901 3603 ed.
979 3556 1013 3603 20
1032 3548 1142 3604 cellah
1161 3549 1245 3603 corda
1264 3548 1289 3600 [t

264 3637 331 3672 r=
346 3618 376 3671 L.
398 3621 401 3686 l
426 3619 518 3672 cauda
537 3619 558 3671 L
577 3621 660 3674 tarda
678 3620 711 3673 R.
785 3627 984 3675 trecorensem
1001 3620 1034 3673 lt.
1056 3622 1060 3688 Ι
1084 3620 1135 3673 toli
1153 3618 1205 3671 LR
1224 3620 1290 3673 talis

265 3689 313 3744 ed.
388 3694 421 3741 23
440 3690 573 3758 quomodo
591 3691 643 3744 LR
661 3694 706 3746 uti
724 3691 766 3745 ed.
837 3698 870 3746 25
889 3708 1090 3747 cum-cauca
1109 3690 1204 3744 omit
1222 3690 1287 3745 add

264 3762 297 3814 in
318 3776 406 3828 marg.
426 3760 456 3815 r‘.
531 3766 564 3815 29
580 3764 705 3830 pervenit
720 3761 773 3816 LR
787 3766 933 3831 praecenit
952 3763 994 3816 ed.
1069 3767 1103 3815 30
1122 3762 1277 3818 necescitati

263 3848 355 3887 cucco
373 3830 394 3883 L
413 3835 568 3889 necessitate
586 3840 694 3904 cogente
711 3834 737 3887 R
754 3852 817 3888 r=
832 3834 862 3889 L.
