3250 4350
658 413 841 467 AENEIDOS
860 413 886 467 V
1220 413 1287 477 445

269 600 366 657 saepe.
404 583 486 658 quod
509 586 616 658 quater
639 583 683 641 ait
705 601 784 642 nunc
807 585 838 640 et
860 581 892 640 id
914 583 1014 657 ipsum
1032 599 1121 658 saepe
1140 600 1287 641 commen-

270 671 366 746 davit,
394 672 451 729 hoc
479 671 642 748 significat,
670 670 750 746 quod
778 673 875 731 omnis
898 671 996 748 gloria
1019 670 1178 729 interitura
1201 673 1286 746 esset,

269 761 295 818 si
318 760 396 818 illud
417 762 548 835 tempus,
577 761 603 820 si
627 761 742 820 occasio
766 779 907 837 praesens
929 759 1080 818 laberetur
1102 778 1118 818 e
1141 760 1286 818 manibus.
1396 755 1398 761 '

268 867 362 923 nunc,
393 849 507 925 inquit,
538 868 617 909 nnnc
644 849 804 926 insurgite,
837 850 922 908 adest
952 852 1071 925 tempus
1098 867 1164 923 quo
1196 849 1288 908 fortia

237 938 391 998 svirtutis
419 941 536 997 vestrae
564 941 594 997 et
621 941 706 1016 gesta
733 939 894 1014 superioris
921 939 1065 1014 temporis
1090 938 1287 1013 conprobetis.

268 1046 349 1086 nunc
371 1028 433 1086 illis
460 1028 581 1101 animis,
608 1045 687 1086 nunc
709 1028 823 1086 viribus
847 1045 922 1103 opus
946 1029 991 1086 est
1015 1026 1122 1102 quibus
1144 1025 1193 1085 usi
1216 1028 1288 1085 estis

269 1135 339 1176 oum
360 1117 499 1175 Hectoris
523 1117 626 1175 essetis
649 1116 756 1176 sociati
778 1116 886 1174 virtuti
908 1115 1074 1191 quibusque
1093 1115 1189 1195 multa
1207 1115 1289 1173 mala

269 1208 302 1264 et
333 1206 469 1282 ingentia
501 1206 678 1281 superastis,
711 1223 785 1280 quos
818 1224 873 1282 ego
905 1207 975 1280 post
1003 1205 1143 1263 nltimam
1170 1206 1288 1279 patriae

270 1297 383 1353 sortem
416 1295 539 1353 comites
570 1294 676 1371 delegi.
721 1296 823 1370 potest
851 1297 881 1352 et
910 1295 953 1354 sic
983 1294 1121 1371 intellegi
1147 1293 1290 1353 Hectorei

221 1403 255 1444 ro
270 1385 359 1456 socii,
386 1386 422 1441 ut
444 1384 515 1442 talis
538 1401 588 1443 eos
610 1374 750 1442 videatur
771 1382 894 1457 dixisse,
920 1383 1017 1458 qualis
1039 1382 1152 1442 Hector
1173 1383 1289 1455 fuisset,

271 1472 360 1548 quasi
382 1473 495 1550 singuli
518 1472 650 1550 singulos
668 1471 812 1530 Hectores
831 1472 929 1530 facere
947 1473 1124 1547 potuissent.
1161 1471 1289 1546 denique

271 1561 389 1620 addidit
417 1564 447 1619 et
471 1561 581 1637 delegi,
604 1563 639 1620 ut
662 1560 832 1620 ostenderet
854 1579 890 1619 ex
912 1560 1049 1636 plurimis
1072 1561 1158 1620 bonis
1181 1562 1289 1620 electos

270 1668 335 1709 esse
358 1650 505 1709 meliores.
550 1654 630 1708 recte
654 1669 703 1709 eos
727 1649 868 1709 admonet
891 1651 1073 1726 praeteritae
1095 1651 1229 1725 virtutis,
1254 1652 1290 1708 ut

270 1739 415 1814 exemplis
448 1738 508 1798 suis
542 1740 696 1816 erigantur
727 1740 829 1815 potins
858 1758 948 1814 quam
975 1738 1064 1799 factis
1090 1740 1290 1814 provocentur

224 1849 256 1890 15
271 1829 388 1888 alienis.
435 1827 591 1886 ordinatur
614 1847 715 1887 sensus
740 1829 795 1887 sic:
818 1845 898 1886 nnnc
920 1845 999 1885 nunc
1021 1829 1168 1904 insurgite
1190 1829 1290 1901 remis,

270 1919 356 1992 socii,
379 1920 414 1975 ut
436 1916 578 1976 Hectorei
599 1917 697 1976 laudis
720 1918 786 1976 loco
809 1918 942 1992 positum
964 1915 1111 1992 videatur,
1130 1936 1191 1975 non
1209 1915 1290 1992 quod

271 2006 436 2081 aliquando
461 2005 534 2064 socii
556 2005 827 2064 fuerant-Hectori.
870 2023 964 2080 usque
988 2023 1022 2063 eo
1045 2005 1112 2063 laus
1136 2008 1182 2063 est
1200 2023 1290 2080 qnae·

271 2097 333 2155 sito
364 2096 400 2152 de
438 2096 572 2170 exemplo
604 2094 725 2153 virtutis
757 2093 936 2168 Hectoreae,
968 2097 1003 2152 ut
1035 2093 1184 2152 addiderit
1215 2111 1290 2169 quos

271 2185 349 2244 mihi
371 2185 501 2244 delectos
525 2184 649 2242 adiunxi
671 2187 740 2260 post
761 2184 879 2259 patriae
898 2185 1017 2243 nostrae
1036 2183 1177 2241 ultimum
1192 2184 1289 2242 fatum

225 2296 257 2336 ao
272 2277 305 2333 et
328 2293 454 2349 quorum
477 2273 603 2350 probavi
625 2274 767 2333 virtutem
791 2273 929 2349 plurimis
947 2272 1031 2347 lobia,
1047 2273 1210 2331 imitamini
1228 2290 1290 2347 voe,

271 2366 309 2421 ut
328 2363 407 2437 qnod
425 2365 457 2420 in
473 2380 579 2421 manns
593 2362 676 2421 dedit
689 2363 810 2421 fortuna
825 2363 1023 2439 conpleamus.
1051 2379 1230 2436 quamquam
1248 2363 1282 2419 o!
1292 2365 1343 2415 19³

271 2452 325 2511 sed
352 2456 489 2523 superent
515 2452 619 2525 qubus
646 2453 710 2520 boc,
737 2451 886 2525 Neptune,
918 2452 1037 2519 dedisti,
1069 2455 1208 2509 extremos
1232 2467 1291 2522 pu·

272 2542 343 2601 deut
363 2542 500 2599 rediisse:
530 2540 601 2599 licet
622 2541 775 2615 tenuerint
796 2540 864 2599 loca
885 2541 1018 2599 melioris
1042 2557 1146 2598 cursus
1174 2537 1291 2614 quibus,

271 2630 423 2705 Neptune,
442 2628 617 2707 suffragium
640 2630 717 2689 ferre
740 2630 874 2703 voluisti,
895 2630 1038 2688 victoriae
1057 2647 1150 2706 genus
1169 2630 1292 2687 estnon

226 2739 258 2781 as
272 2718 387 2778 redisse
409 2720 601 2794 postremum.
645 2719 697 2777 hoo
723 2721 842 2787 otuctte,
865 2720 954 2785 uses,
978 2718 1171 2791 etprobtbete
1191 2718 1292 2790 uefus:

273 2809 302 2867 si
325 2809 455 2882 primum
478 2807 577 2866 locum
600 2810 700 2866 tenere
722 2807 882 2883 nequistis,
910 2806 1071 2866 secundum
1096 2807 1203 2865 saltem
1225 2825 1291 2881 per·

272 2937 322 2945 ..⁶-

349 3016 364 3063 6
383 3011 483 3065 abusus
501 3010 530 3063 L.
606 3016 621 3065 7
639 3013 787 3066 uirtutibus
805 3029 875 3081 quae
893 3011 946 3064 LR
962 3029 986 3066 o.
1002 3013 1052 3081 qui
1068 3011 1155 3064 HOU
1174 3011 1217 3064 ed.
1236 3012 1291 3065 oir-

274 3084 332 3138 suti
349 3082 499 3151 quibusque
516 3099 575 3137 nos.
651 3088 667 3136 8
686 3084 818 3137 ultimant
835 3083 861 3136 R
879 3100 947 3137 corr.
962 3100 984 3135 r.
1061 3088 1094 3136 16
1112 3084 1216 3137 hectore
1234 3082 1264 3135 L.
1286 3082 1290 3155 Ι

273 3154 368 3208 uideat
390 3152 411 3205 L
435 3172 451 3179 ·
471 3169 556 3222 supra
579 3159 610 3208 at
632 3170 706 3208 man.
725 3170 780 3209 rcc.
799 3155 912 3209 uideant
931 3154 989 3207 HU
1007 3153 1051 3208 ed.
1073 3154 1166 3209 uideat
1186 3153 1213 3205 R
1236 3153 1292 3207 evi·

274 3223 390 3279 dentius
408 3224 438 3277 in
456 3224 584 3279 uideatur
602 3241 670 3279 corr.
685 3243 706 3277 r.
733 3230 736 3296 Ι
763 3227 896 3293 quomodo
914 3224 1057 3279 LRHOU
1071 3225 1115 3278 ed.
1129 3225 1202 3292 quod
1220 3224 1291 3279 red.

274 3298 350 3367 post.
369 3312 427 3348 nos.
536 3301 568 3349 l‘l
593 3297 656 3352 laus
677 3295 758 3350 LRO
783 3298 858 3352 Leuc
880 3295 937 3350 HU
960 3297 1003 3351 ed.
1028 3297 1134 3351 locutus
1157 3295 1199 3349 ed.
1221 3298 1292 3364 post.

333 3368 563 3436 17—1squou'tc
581 3368 614 3422 de
632 3367 685 3421 LR
708 3368 838 3436 quesita
860 3369 896 3423 ab
919 3367 962 3422 ed.
981 3368 1105 3437 quaesita
1123 3368 1156 3420 de
1178 3382 1237 3419 nos.

276 3441 312 3493 18
331 3439 464 3492 tentoriae
482 3438 504 3491 L
523 3440 650 3495 laudaret
668 3438 733 3493 add.
749 3439 792 3494 ed.
852 3444 884 3493 19
904 3439 1013 3495 dilectos
1030 3439 1052 3492 L
1071 3437 1229 3491 delectasti
1247 3438 1291 3491 de-

275 3513 357 3565 lectos
376 3509 419 3562 ed.
500 3515 534 3562 20
548 3512 681 3579 plurimis
699 3511 796 3580 loupis,
816 3510 866 3563 sed
884 3510 914 3563 in
932 3512 998 3566 locu
1015 3527 1084 3564 corr.
1099 3510 1121 3562 L
1135 3508 1148 3560 I
1161 3525 1235 3562 man.
1250 3509 1291 3577 pt.

275 3585 373 3651 leupus
390 3580 415 3633 R
434 3579 469 3634 cf.
486 3586 510 3649 2,
523 3586 585 3635 736:
605 3597 672 3651 ergo
690 3582 720 3636 in
740 3581 845 3637 archet.
860 3583 950 3651 tuapte
967 3581 1022 3635 fuit
1039 3581 1082 3635 ita
1100 3580 1130 3633 in
1150 3581 1215 3633 loeis
1234 3596 1293 3633 cor·

273 3654 398 3716 rectum,
417 3654 450 3705 nt
469 3652 675 3721 superpositam
694 3669 741 3708 co
759 3652 863 3722 legerit
880 3651 906 3704 R
919 3652 1050 3721 plurimis
1068 3652 1100 3705 iu
1119 3651 1186 3705 locis
1202 3650 1229 3703 H
1248 3649 1292 3704 ed.

327 3728 362 3775 24
380 3728 519 3791 ueptuuae
535 3722 561 3776 R
579 3740 646 3778 oues
661 3741 676 3776 r
695 3724 737 3778 cd.
755 3726 759 3795 Ι
774 3724 901 3780 uotuiastt
918 3722 940 3775 L
958 3723 1105 3778 voluisseut
1123 3721 1147 3774 R
1166 3724 1281 3778 uoluisse

274 3813 291 3849 r
310 3794 353 3847 ed.
372 3794 485 3849 calccati
503 3810 561 3847 nos.
635 3800 668 3848 26
687 3796 806 3865 nequitis
824 3795 868 3849 ed.
