3250 4350
677 431 860 486 nunninus
878 432 892 485 l
1058 435 1060 438 ’
1250 431 1293 496 89

273 618 378 660 versae
406 618 489 659 arces
516 600 584 658 inde
612 600 799 675 apparebant
825 602 881 660 hoc
902 597 955 659 'est
982 600 1114 660 obiectae
1142 601 1237 661 oeulis
1262 605 1293 660 et

275 691 380 747 contra
402 691 519 764 positae
540 690 573 748 in
596 689 681 749 collis
704 690 785 749 edito
811 691 912 748 stanti.
955 689 1025 748 inde
1043 690 1159 750 Aeneas
1182 709 1293 768 magna

275 779 557 838 cumadmiratione
575 779 715 837 cernebat
733 781 885 854 operantis
904 779 1048 856 plurimos
1067 781 1100 837 in
1118 798 1154 839 ea
1171 781 1292 858 regione

273 870 307 925 in
331 885 392 942 qua
414 888 475 928 non
496 868 624 943 putabat
647 869 778 944 aliquem
802 870 987 927 commorari.
1026 867 1137 927 ideirco
1160 871 1292 944 positum

245 961 321 1015 sest
352 959 479 1015 miretur
510 959 613 1016 rnolem
644 956 775 1026 Aeneas,
806 960 939 1030 eruenta
970 957 1133 1031 quercetum,
1165 961 1294 1018 uniretur

269 1049 376 1118 pertus
394 1045 601 1120 strepitumque
619 1051 646 1105 et
662 1050 757 1105 stratu
775 1048 901 1106 viamen
931 1048 1004 1105 hacc
1023 1047 1204 1125 generaliter
1222 1049 1293 1106 sunt

273 1136 388 1209 posita,
412 1154 513 1194 omnes
537 1137 616 1193 enim
640 1135 706 1194 viae
730 1135 899 1209 fervebant,
923 1139 1030 1211 portae
1053 1155 1154 1195 omnes
1178 1139 1208 1193 ct
1230 1155 1291 1194 om·

274 1226 359 1282 nium
379 1243 454 1299 quae
473 1226 725 1284 inter-universos
745 1225 926 1303 gerebantur
945 1228 1088 1301 strepitus
1101 1224 1291 1300 personabat.

273 1315 338 1372 itur
364 1315 426 1372 iam
455 1333 508 1388 per
531 1313 643 1389 speeies
666 1333 790 1390 operum
814 1316 844 1372 et
867 1317 1068 1389 operantium:
1104 1318 1217 1373 instent
1244 1333 1292 1372 or·

232 1403 373 1461 rodentes
398 1403 495 1476 Tyrii:
526 1402 689 1462 laudantur
712 1403 849 1479 quinon
872 1403 962 1462 inviti
989 1403 1175 1462 laborabant.
1215 1421 1293 1477 pars

273 1492 379 1550 ducere
400 1509 500 1550 muros
522 1493 674 1565 probrique
697 1509 808 1550 urcem:
843 1492 996 1569 curabant,
1020 1494 1128 1568 inquit,
1151 1494 1292 1568 primitus

274 1599 351 1654 quae
380 1580 522 1641 adversus
549 1582 643 1640 hostis
672 1583 892 1641 conservationi
919 1583 1025 1641 salutis
1052 1583 1172 1640 fuerant
1193 1600 1292 1641 neees-

274 1671 364 1739 saria,
398 1672 536 1729 mentbcu
554 1671 721 1729 subvolvere
739 1688 828 1729 sexo:
851 1689 904 1729 nco
922 1671 1112 1730 terrebantur
1130 1673 1292 1746 asperitate

275 1758 419 1833 operandi
447 1762 478 1817 et
503 1759 641 1818 manibus
669 1761 730 1819 suis
759 1778 831 1819 saxa
853 1760 1015 1819 volvebant
1037 1760 1132 1836 quieti
1154 1759 1292 1835 publicae

233 1867 260 1907 re
274 1847 443 1922 profutura.
484 1866 562 1921 pers
591 1853 691 1922 optare
720 1850 813 1907 locuru
843 1853 966 1908 teet00et
992 1850 1159 1908 concludere
1190 1849 1346 1907 cumnis

273 1936 404 1996 secundo
428 1937 494 1996 loeo
516 1939 636 2013 privata
660 1938 795 1997 aedificia
820 1938 1008 1997 curabantur.
1045 1941 1115 1997 iure
1138 1941 1292 2012 uuqtetru-

272 2032 377 2099 tusque
400 2027 498 2100 luunt
519 2032 707 2100 eundumque
730 2032 877 2085 senatum:
900 2027 1136 2103 disponebantur
1157 2028 1239 2105 leges
1262 2030 1293 2086 et

272 2116 402 2177 honores
430 2114 556 2175 curiales
584 2119 615 2176 et
641 2118 708 2192 ipsa
732 2118 823 2176 curia
868 2118 915 2177 lu'c
933 2122 1039 2191 portus
1061 2118 1116 2177 ulii
1139 2117 1293 2190 ettbdiunt:

272 2209 304 2263 et
327 2206 384 2264 hoc
406 2207 538 2281 pertinet
561 2207 599 2265 ad
622 2207 751 2266 salutem
770 2207 935 2281 salutisque
954 2207 1129 2267 subsidium.
1165 2208 1212 2265 ln'e
1231 2208 1293 2265 ulta

232 2314 258 2353 ao
273 2297 380 2353 theatri
407 2296 602 2368 fundamento
629 2296 725 2355 locunt
751 2296 820 2355 ulii:
850 2298 920 2371 post
947 2298 1048 2355 omnia
1072 2315 1148 2371 quae
1171 2298 1293 2371 possent

273 2384 372 2458 quieti
389 2383 527 2458 publicae
545 2386 593 2443 vel
612 2385 704 2444 saluti
722 2384 770 2442 vel
789 2384 950 2444 honoribus
969 2385 1131 2443 curialibus
1150 2384 1291 2459 proficere

272 2473 309 2530 de
333 2470 542 2548 voluptatibus
566 2475 656 2532 etiam
680 2474 769 2532 etde
793 2473 936 2533 scaenicis
965 2475 1080 2533 deliciis
1109 2474 1292 2550 cogitabant,

273 2561 355 2637 quod
378 2580 439 2620 non
461 2562 496 2620 fit
518 2564 577 2622 nisi
599 2565 631 2620 in
655 2582 690 2621 ea
709 2564 832 2621 civitate
849 2565 882 2621 in
901 2582 962 2637 qua
980 2558 1076 2623 otiosa
1095 2565 1165 2623 sunt
1183 2565 1314 2635 omnia,‘

272 2651 355 2727 quod
378 2650 497 2709 Aeneae
524 2652 625 2710 fuerat
651 2652 858 2711 necessarium.
905 2652 969 2711 alta
995 2654 1190 2711 fundamenta
1215 2651 1292 2725 ideo,

233 2760 257 2800 rs
272 2740 348 2815 quia
365 2741 468 2815 magni
487 2740 584 2816 operis
602 2742 695 2801 moles
715 2743 829 2817 coeptis
847 2742 936 2800 debet
953 2743 1124 2802 fortissimis
1143 2742 1291 2800 sustineri.

271 2831 460 2901 iuuenesque
482 2831 633 2889 nlunnos
655 2831 780 2903 rupibus
803 2832 946 2898 eueidunt,
970 2834 1084 2890 scueuts
1106 2832 1209 2889 decoro
1230 2832 1292 2889 ulte

271 2920 394 2991 tuturis,
417 2920 451 2975 ut
473 2938 533 2977 non
555 2921 674 2978 tantum
696 2920 809 2978 theatri
832 2923 916 2997 gesta
939 2922 1079 2979 iuvarent
1096 2939 1291 2995 unumquem-

273 3027 331 3082 que
360 3026 464 3066 verum
492 3008 584 3068 etiam
612 3011 749 3084 aspectus
776 3009 971 3084 pulcherrimi
999 3011 1097 3085 operis
1121 3010 1290 3067 delectaret.

272 3098 371 3174 qualis
399 3114 469 3169 apes
496 3102 603 3156 uestute
629 3116 706 3156 uoou
728 3115 785 3171 per
807 3102 898 3169 floreo
921 3116 996 3157 rure
1019 3102 1126 3158 euereet
1148 3099 1201 3157 sub
1224 3097 1345 3156 sote430

235 3204 258 3245 so
271 3187 366 3252 labor,
395 3203 461 3243 curn
485 3189 580 3260 pontis
602 3187 719 3277 adultos
742 3189 868 3246 educuut
888 3188 965 3260 fetens
989 3193 1128 3246 anteum
1152 3190 1292 3260 ttqereutr'u

345 3397 484 3445 2stuntes
503 3392 545 3444 ed
609 3400 755 3447 3cerneus
773 3393 816 3447 ed.
878 3399 893 3445 ὀ
914 3393 1057 3463 uruqrculiu
1074 3392 1126 3445 LR
1146 3410 1213 3445 corr.
1233 3411 1253 3444 1·.

274 3467 307 3515 10
327 3462 443 3531 quith
461 3465 529 3530 quie
548 3464 590 3517 ed
647 3468 680 3517 13
699 3465 828 3518 erunibus
841 3463 989 3518 Libetur
1006 3463 1049 3517 ed.
1106 3468 1139 3515 14
1157 3464 1292 3547 operandi

273 3534 325 3586 th
339 3535 489 3588 laborandi
507 3535 550 3588 ed
599 3540 640 3587 17
661 3534 842 3603 disponebant
860 3534 903 3588 ed.
961 3540 994 3588 18
1013 3536 1103 3603 ipsam
1121 3536 1228 3589 curium
1247 3536 1290 3588 ed

327 3610 361 3658 21
382 3607 457 3672 quiet
457 3606 481 3658 ts
446 3606 542 3659 t.ed
560 3606 564 3677 Ι
580 3606 724 3661 beneroles
742 3606 768 3659 R
785 3606 965 3660 bonorulesL
984 3607 1133 3660 bonoribus
1151 3605 1193 3660 ed
1208 3607 1291 3659 bono-

274 3678 350 3731 ubus
369 3693 419 3730 eur
420 3677 522 3730 rutubus
540 3694 599 3731 nos.
656 3682 689 3729 22
708 3678 791 3731 enum
804 3676 888 3730 LR
876 3695 934 3732 ram
953 3674 1171 3750 adiuuemus
1189 3694 1247 3733 orn
1255 3678 1305 3731 ed

327 3754 362 3801 25
381 3753 490 3815 coeptus
505 3747 558 3799 Ml
568 3749 743 3814 pedamentis
760 3748 802 3804 ed
823 3753 929 3844 coeptes
947 3771 961 3808 r
980 3771 1035 3810 nos
1055 3752 1095 3809 cl
1113 3758 1145 3821 i,
1158 3758 1226 3855 lib.
1239 3752 1319 3821 lde·

218 3857 220 3864 .
271 3818 333 3868 bene
346 3818 387 3867 ed.
460 3822 496 3867 26
510 3819 638 3872 eumenes
651 3818 685 3872 E.
1412 3839 1415 3850 ¹
