3250 4350
623 477 625 482 ,
711 431 894 487 AENEIDOS
913 431 939 485 ll
1270 433 1336 496 223

316 602 425 660 mortis
438 601 631 660 manifestum
644 604 714 678 post
726 601 888 661 maledieta
902 604 933 659 et
946 601 1073 659 iniurias
1091 620 1180 661 senex
1197 602 1337 661 iuvenem

315 694 462 766 provocat
485 708 539 749 neo
562 692 695 767 eorporis
717 709 772 750 neo
794 691 848 750 teli
871 691 1053 768 suffragante
1074 691 1200 751 virtute:
1240 691 1336 750 telum

316 782 368 837 ait
389 778 513 855 inbelle,
541 783 577 838 nt
603 779 773 840 firnaretur
797 780 877 855 quod
899 781 1035 855 superius
1058 779 1136 838 dixit
1158 784 1206 855 „et
1228 780 1336 839 inutile

316 867 457 927 fenum“.
504 868 583 944 quod
607 871 708 928 autem
730 869 806 928 dixit
829 871 893 928 sine
915 869 979 928 ictu
1001 870 1136 946 eonieoit,
1157 870 1336 945 praecedens

288 957 433 1018 edietum
462 957 561 1016 voluit
588 957 761 1034 adprobari3
793 960 930 1034 positum·
949 961 994 1018 est
1017 959 1097 1016 enim
1122 958 1336 1033 „trementibus

317 1064 392 1105 aevo
416 1047 581 1106 eireumdat
603 1047 802 1123 nequicquam
825 1045 962 1106 umeris“.
1000 1064 1090 1106 roseo
1108 1047 1185 1120 qood
1197 1051 1336 1121 protinus

317 1153 386 1194 aere
403 1137 554 1209 repelsam
572 1141 599 1195 et
615 1153 728 1196 sumno
746 1138 832 1210 clipei
844 1139 1038 1210 nequientem
1051 1137 1174 1195 umbone
1182 1137 1336 1211 pependit:

316 1224 456 1284 nonnulli
473 1224 522 1284 hio
540 1225 658 1284 faciunt
675 1227 883 1285 inanissimam
902 1227 1107 1301 quaestionem
1126 1225 1260 1284 dieentes·
1275 1242 1336 1284 non

271 1374 273 1377 .
316 1332 407 1390 posse
433 1314 561 1389 pendere
590 1314 669 1389 quod
695 1314 861 1389 repellitur.
905 1315 954 1373 bis
981 1333 1052 1392 ergo
1078 1314 1229 1374 reddenda
1255 1315 1335 1373 ratio

275 1425 302 1464 ro
316 1407 376 1478 est,
404 1405 439 1462 ut
466 1406 594 1462 vaeuato
618 1403 698 1477 quod
719 1404 798 1463 male
822 1404 956 1462 sentiunt
976 1403 1125 1480 incipiant
1147 1404 1233 1479 sequi
1256 1403 1336 1479 quod

316 1491 481 1568 prudenter
503 1494 549 1550 est
571 1491 692 1551 dietum.
738 1511 809 1550 nam
832 1494 863 1551 et
884 1493 1038 1569 repulsum
1060 1496 1105 1552 est
1128 1495 1159 1551 et
1184 1490 1335 1569 pependit.

317 1583 445 1640 missum
468 1582 547 1640 enim
569 1582 664 1640 telum
683 1580 841 1641 oonstabat
859 1581 939 1657 quod
956 1583 1117 1642 vetustatis
1135 1582 1210 1642 vitio
1229 1583 1336 1641 fuisset

316 1669 506 1744 hebetatum,
534 1670 615 1746 quod
637 1671 767 1748 rigorem
790 1671 969 1748 perdidisset
990 1671 1083 1730 illius·
1097 1671 1253 1747 temporis,
1276 1690 1335 1746 quo

316 1762 350 1818 in
372 1778 430 1818 usn
452 1758 567 1818 Priami
589 1759 661 1834 fuit,
688 1778 755 1819 oum
778 1759 876 1818 adhue
891 1806 897 1819 .
913 1805 920 1818 .
935 1805 942 1818 .
956 1757 986 1819 ,ζ
1003 1805 1336 1834 ................

277 1870 302 1908 15
317 1849 461 1908 emissum
480 1849 517 1908 ab
536 1867 570 1907 eo
590 1850 644 1923 qui
663 1868 749 1909 omne
766 1849 889 1909 virtutis
906 1848 1000 1908 robur
1017 1867 1085 1907 oum
1103 1851 1177 1924 ipsis
1195 1849 1335 1908 iuventae

316 1937 502 2013 temporibus
526 1939 681 1997 amisisset
727 1938 798 1998 telis
822 1957 893 2016 ergo
915 1938 971 1997 teli
994 1939 1116 1997 effeetus
1139 1939 1247 2014 plenus
1273 1956 1335 1996 esse

316 2046 379 2085 non
401 2028 512 2102 potuit,
530 2030 565 2085 ut
588 2027 884 2103 perforatopenitus
907 2030 992 2088 souto
1016 2028 1055 2085 ad
1076 2027 1205 2085 hominis
1228 2044 1336 2102 eorpus

317 2120 348 2176 et
371 2117 498 2175 exitium
519 2118 702 2191 perveniret,
732 2134 786 2177 neo
808 2119 911 2177 tamen
932 2119 965 2176 in
988 2120 1087 2177 totum
1109 2115 1246 2175 inefficax
1268 2116 1334 2176 fuit.

316 2206 473 2282 repulsum
496 2208 541 2265 est
564 2207 643 2264 enim
666 2208 823 2266 resistente
847 2226 923 2281 aere,
946 2207 988 2265 sio
1010 2210 1121 2280 tamen,
1148 2209 1182 2264 ut
1204 2206 1336 2282 pendens

276 2315 304 2354 so
317 2295 497 2368 inhaereret,
511 2296 668 2370 penetrato
687 2296 801 2354 sedicet
820 2297 925 2371 aliqua
944 2298 1079 2372 exparte
1093 2295 1170 2355 souti
1184 2298 1335 2354 contextu.

317 2384 388 2442 hine
411 2384 645 2461 intellegendum
669 2388 714 2443 est
737 2386 837 2460 qualis
859 2387 891 2443 in
914 2386 1019 2462 primis
1038 2384 1124 2443 annis
1142 2385 1234 2442 fuerit
1252 2384 1336 2441 Pria-

317 2491 398 2548 mus,
427 2492 517 2548 quem
544 2491 604 2531 non
627 2473 736 2533 fefellit
757 2476 789 2531 in
811 2474 868 2532 illa
890 2476 990 2533 aetate
1013 2473 1173 2533 destinatio
1196 2472 1336 2547 feriendi,

317 2562 498 2621 obtinuisset
526 2563 619 2636 enim,
647 2563 674 2621 si
701 2564 833 2638 eorporis
862 2563 953 2621 etiam
980 2565 1046 2620 tum
1067 2564 1114 2620 vis
1138 2563 1168 2619 et
1189 2561 1246 2619 teli
1268 2560 1335 2619 sub-

317 2651 434 2710 stantia
461 2651 659 2726 perdurasset.
706 2652 805 2727 qualis
834 2656 934 2710 antem
962 2653 1055 2710 etiam
1076 2650 1209 2726 Pyrrhus
1237 2654 1336 2709 osten-

276 2764 301 2802 2⁶
317 2741 402 2799 ditur
433 2741 486 2815 qni
517 2741 612 2799 iotum
643 2742 722 2799 senis
754 2742 850 2800 vitare
881 2760 942 2799 non
968 2740 1083 2816 potuit!
1129 2741 1176 2797 oui
1202 2739 1337 2813 meses

317 2832 427 2904 referes
451 2846 517 2903 erpo
539 2830 610 2888 bose
632 2834 658 2889 et
678 2832 801 2889 nuntius
823 2831 885 2889 ibis
902 2830 1023 2889 Pelidae
1042 2830 1180 2903 portitori,
1203 2828 1249 2887 nu
1270 2846 1336 2887 meo

317 2921 417 2979 tristia
439 2921 520 2993 foeta
543 2919 763 2994 depeneremqee
786 2918 1005 2992 Neoptolemou
1030 2936 1158 2977 narrare
1184 2923 1336 2977 monento:

393 3112 407 3159 1
427 3107 490 3159 tuve
507 3105 533 3157 R
550 3108 674 3161 iuvenem
691 3123 712 3160 r.
810 3112 838 3159 ‘2
858 3107 903 3160 eui
920 3108 1050 3176 frenante
1068 3105 1090 3158 L
1112 3106 1284 3176 suffrapante
1306 3107 1336 3159 in

317 3193 419 3232 rasura
437 3177 463 3229 R
481 3179 526 3231 soi
543 3178 622 3244 suffr.
642 3178 685 3231 ed.
776 3183 904 3232 trorum
921 3177 946 3230 R
964 3179 1069 3245 ferrum
1087 3195 1108 3231 r.
1200 3178 1335 3247 tadmo-

318 3253 385 3305 bare
403 3248 436 3302 R.
533 3254 566 3301 13
585 3250 712 3317 temporis
730 3250 803 3316 quod
821 3248 874 3301 LR
893 3248 935 3302 ed.
955 3265 1008 3317 quo
1026 3266 1047 3301 r.
1140 3255 1173 3301 14
1191 3250 1257 3318 post
1275 3266 1336 3303 eum

318 3321 411 3376 adsue
434 3319 561 3387 sequitur
585 3319 709 3388 spatium
731 3319 834 3389 viginti
856 3318 1016 3373 litterarum
1039 3336 1159 3372 vaenum
1181 3320 1211 3372 in
1234 3320 1256 3373 L
1278 3327 1337 3373 tum

318 3392 412 3447 adbuc
429 3390 455 3443 R
477 3391 567 3445 adhue
590 3391 713 3445 deletum
736 3390 797 3444 vult
815 3390 841 3443 a
864 3390 926 3459 ipse
943 3389 988 3444 vel
1006 3407 1021 3441 r
1043 3391 1134 3444 adimo
1156 3407 1210 3445 om.
1231 3391 1336 3458 „telum

318 3464 412 3533 ipsum
436 3461 555 3516 fuisset“
578 3462 697 3515 inseruit
720 3461 778 3515 ed:
805 3462 914 3516 invenis
935 3463 1042 3529 floreret
1063 3462 1154 3531 oipore
1176 3461 1221 3514 vel
1244 3461 1335 3515 simile

318 3533 430 3601 aliquid
455 3533 644 3602 supplendum
666 3536 710 3586 est
727 3533 782 3599 ita,
805 3535 839 3586 ut
856 3533 982 3597 missum,
1005 3548 1062 3585 non
1080 3534 1207 3586 emissum
1224 3531 1337 3601 legatur

317 3607 436 3676 propter
454 3605 636 3673 anaphoram.
712 3609 744 3657 18
759 3606 927 3673 pervenisset
944 3603 988 3657 ed.
1062 3608 1096 3656 20
1114 3604 1266 3657 inlmereret
1284 3603 1336 3656 LR

318 3680 351 3731 in
368 3678 419 3731 too
436 3681 505 3730 esest
522 3676 564 3731 ed.
586 3678 590 3747 Ι
610 3682 732 3731 miecio
750 3676 793 3729 ed.
866 3680 901 3728 il
920 3676 964 3729 bie
982 3674 1025 3729 ed.
1100 3679 1133 3727 23
1152 3675 1267 3727 tumoris
1285 3674 1337 3727 LR

317 3757 377 3803 tum
395 3748 439 3801 vis
456 3762 508 3802 nos
524 3748 631 3801 roboris
649 3747 692 3801 ed.
766 3754 800 3805 24
819 3746 913 3815 quales
930 3745 983 3798 th
1001 3746 1094 3814 quotis
1111 3763 1126 3797 r
1144 3745 1186 3800 ed.
1213 3747 1217 3814 Ι
1247 3750 1337 3799 autem

318 3820 372 3873 LR
393 3836 420 3872 a.
439 3818 527 3884 fuerit
544 3819 587 3872 ed.
661 3824 694 3873 27
714 3819 830 3873 tristitia
848 3817 907 3871 LR.
