3250 4350
654 425 839 487 Aruernos
858 432 897 486 vr
1219 425 1283 501 561

265 604 372 661 iimcc:
392 605 498 676 servet,
521 603 629 679 inquit,
650 600 793 660 Cerberus
813 603 892 676 quod
911 605 1011 661 servat
1030 605 1059 660 et
1077 602 1197 660 umbras
1216 603 1286 661 licet

266 691 413 769 exanguis
427 693 546 765 terreat,
566 692 637 750 licet
651 693 749 751 servet
759 691 938 767 Proserpina
952 692 1177 749 matrimonium
1191 710 1286 765 suum,

266 780 308 839 ad
331 800 433 839 curam
450 784 585 840 nostram
603 799 663 840 non
681 779 820 854 pertinet.
866 782 966 855 potuit
984 781 1094 838 iterum
1114 779 1181 854 dici,
1206 780 1287 856 quod

266 871 404 944 superius
428 867 546 928 Charon
569 869 678 946 exegit,
701 871 727 928 si
749 869 824 927 haec
842 888 902 927 non
920 872 999 942 sunt,
1023 887 1099 944 quae
1117 869 1177 926 fuit
1195 887 1285 927 causa

237 955 429 1021 eveniendi?
472 960 540 1034 ipsa
562 958 642 1017 ultro
665 959 778 1036 ingerit
806 957 887 1033 quod
908 960 1094 1034 interrogata
1116 959 1218 1033 potuit
1240 977 1286 1017 re-

267 1047 421 1121 spondere.
471 1048 575 1106 Troius
597 1045 716 1106 Aeneas
732 1049 844 1120 pietate
865 1049 992 1121 lusionis
1015 1051 1042 1105 et
1063 1049 1155 1106 urmes
1178 1049 1218 1105 ud
1238 1066 1286 1121 ye-

265 1138 390 1195 ue'iorem
407 1139 484 1196 imae
498 1137 590 1194 Erebi
612 1136 757 1195 descendit
779 1136 820 1195 od
841 1137 976 1196 metros:
999 1136 1136 1211 exposuit
1159 1155 1212 1194 cur
1233 1155 1286 1212 po-

266 1227 362 1284 suerit
379 1226 528 1304 insignem
546 1225 659 1300 pietate
679 1228 709 1283 et
723 1227 828 1284 armis:
851 1227 948 1301 pietas
966 1227 1025 1284 fuit
1040 1224 1119 1300 quod
1132 1227 1286 1284 mortuum

267 1316 399 1389 perrexit
431 1315 470 1372 ad
501 1316 618 1390 patrem
649 1331 703 1372 nec
739 1315 859 1374 umbras
896 1335 950 1374 nec
983 1314 1143 1374 Cerberum
1174 1313 1285 1391 timuit,

222 1423 253 1467 ro
267 1403 456 1463 fortitudinis
484 1407 597 1478 autem,
627 1403 700 1479 quia
727 1404 784 1462 hoc
810 1405 912 1478 ipsum
940 1403 1049 1479 inpleri
1077 1405 1141 1464 sine
1164 1405 1286 1462 virtutis
1323 1398 1325 1403 ’

267 1492 441 1551 adiumento
470 1512 530 1552 non
557 1494 658 1567 potuit
686 1496 728 1566 et,
760 1493 787 1551 si
815 1495 894 1551 esset
920 1511 1050 1566 necesse,
1082 1512 1143 1551 non
1172 1493 1287 1552 deesset

268 1583 361 1639 etiam
383 1582 532 1640 industris
555 1580 724 1640 dimicandi.
772 1600 838 1641 ecce
861 1581 1108 1658 adinterrogata
1131 1581 1287 1657 respondit

266 1673 299 1729 et
321 1673 478 1746 prosecuta
502 1674 548 1730 est
570 1689 605 1728 ea
629 1689 706 1747 quae
729 1671 897 1729 necessario
922 1669 1051 1729 Charoni
1073 1673 1193 1732 fuerant
1216 1672 1286 1729 inti·

267 1759 387 1818 manda.
423 1761 450 1817 si
472 1765 498 1818 ie
520 1759 605 1818 uuile
622 1764 715 1818 mouet
733 1763 832 1818 turrice
844 1761 965 1832 piceus
982 1761 1087 1832 imaue,
1111 1765 1143 1819 ul
1159 1766 1340 1819 romwm405

226 1849 346 1912 reburro
367 1847 620 1922 (operimentum,
644 1850 694 1920 que·
716 1852 792 1906 veste
810 1848 930 1921 latebat)
949 1865 1105 1922 agnosces:
1132 1851 1159 1908 si
1176 1851 1206 1907 te
1225 1869 1286 1910 non

268 1940 371 1996 movet
400 1938 535 2015 religiosi
565 1938 693 1995 hominis
724 1937 851 2010 factum,
881 1955 999 1995 ramum
1027 1938 1120 1996 istum
1150 1958 1286 2015 agnosce,

268 2045 357 2100 quem
376 2027 453 2085 ferre
476 2046 535 2085 non
558 2030 710 2085 merentur
732 2026 790 2084 nisi
815 2027 869 2102 qui
890 2028 956 2084 iure
979 2026 1100 2084 caelesti
1124 2030 1154 2085 et
1177 2027 1285 2087 divinis

267 2114 384 2193 legibus
413 2115 451 2174 ad
477 2117 588 2176 inferos
616 2114 749 2175 veniunt.
798 2118 834 2175 ut
862 2121 962 2175 autem
990 2115 1077 2175 citius
1105 2119 1286 2175 commotum

268 2208 472 2280 conpesceret,
500 2205 571 2263 dum
593 2206 743 2282 loquitur,
767 2206 809 2263 sic
833 2205 965 2264 ostendit
987 2208 1017 2263 et
1040 2223 1169 2279 ramum,
1199 2224 1286 2279 quem

223 2293 423 2358 reconditum
447 2293 501 2353 sub
525 2293 657 2354 vestibus
680 2294 794 2353 hebuit.
841 2295 954 2353 tumida
981 2312 1016 2353 ee
1042 2296 1090 2352 iro
1113 2298 1175 2352 lum
1198 2295 1287 2353 eorda

267 2384 416 2442 residunt:
446 2383 503 2442 hoc
530 2384 610 2442 fecto
643 2386 734 2460 atque
763 2383 810 2442 his
841 2383 929 2442 dictis
960 2383 1079 2442 sedatus
1108 2381 1226 2442 Charon
1256 2387 1287 2441 et

265 2491 388 2531 omnem
415 2475 564 2532 tumorem
591 2490 661 2531 suae
691 2474 898 2532 commotionis
927 2473 1072 2548 exposuit.
1118 2490 1170 2530 uec
1192 2473 1287 2545 pluro

264 2563 328 2620 bie:
355 2564 425 2637 post
447 2562 731 2621 demonstrationem
754 2563 865 2638 quippe
888 2563 966 2620 remi
988 2562 1065 2619 nihil
1087 2561 1213 2620 ulterius
1237 2561 1287 2619 de·

266 2650 342 2709 buit.
388 2652 437 2709 ille
459 2651 614 2710 admirans
636 2651 800 2710 venerabile
823 2652 932 2710 mum
954 2650 1058 2724 fatalis
1079 2651 1181 2723 uirque
1202 2650 1287 2724 leuco

220 2763 249 2805 π
259 2744 333 2814 post
363 2744 489 2812 tempore
515 2742 611 2799 ouum
639 2741 804 2802 coeruleum
832 2740 957 2813 udoerm
981 2740 1109 2813 puppim
1139 2742 1278 2813 ripaeque
1288 2744 1341 2794 410

263 2829 462 2903 quoeunque:
484 2828 649 2888 admiratus
672 2831 727 2904 est,
749 2828 858 2904 inquit,
879 2827 995 2887 Charon
1014 2830 1045 2886 et
1062 2829 1140 2885 rami
1158 2829 1287 2905 speciem

266 2921 299 2976 et
322 2917 444 2992 factum,
467 2917 547 2994 qnod
569 2917 757 2976 infinitorum
778 2921 949 2993 temporum
969 2917 1069 2976 fuerat
1091 2916 1286 2977 desuetudine

265 3008 526 3083 praetermissum,
555 3026 625 3067 mox
653 3007 793 3065 admovet
816 3010 926 3081 ratem,
953 3007 988 3065 ut
1015 3007 1156 3065 haiceret
1178 3025 1284 3082 prope·

264 3096 373 3153 rantis.
418 3096 487 3155 iude
511 3097 588 3155 uliae
611 3098 741 3163 unimus,
765 3097 1008 3169 occeperim
1031 3094 1118 3171 torua
1141 3096 1287 3163 sedebant,

218 3211 248 3252 ,ο
266 3184 417 3243 deturbat:
441 3183 559 3243 Aeneae
582 3204 673 3245 causa
696 3203 731 3243 ac
751 3183 885 3260 Sibyllae
908 3185 1004 3244 omnis
1028 3186 1143 3244 animas
1166 3184 1287 3261 longius

266 3273 409 3346 exclusit,
441 3292 478 3331 ne
509 3274 557 3333 his
588 3293 704 3334 morem
733 3274 845 3332 iaceret
873 3276 925 3349 qui
954 3291 1022 3332 cum
1051 3276 1137 3331 tanto
1165 3291 1287 3332 munere

343 3465 358 3512 9
377 3477 426 3514 nee
442 3477 532 3515 serrem
545 3459 572 3513 V
589 3477 638 3515 uec
655 3461 759 3527 inferos
778 3460 821 3514 ed.
835 3476 885 3515 uec
899 3460 1043 3515 Cerberum
1059 3475 1119 3513 nos.
1178 3463 1211 3513 10
1229 3459 1286 3525 fer·

266 3531 401 3586 titudinis
418 3530 444 3583 V
462 3547 550 3600 quare
572 3532 667 3586 nescio
687 3548 723 3585 an
742 3545 828 3601 supra
841 3531 956 3600 piaclis
974 3529 1153 3585 scribendum
1172 3529 1210 3584 sit
1227 3530 1285 3596 for-

266 3601 360 3657 titudo
379 3602 422 3657 ed.
514 3606 547 3656 13
568 3600 701 3657 Olmrouti
721 3602 764 3656 ed.
856 3607 889 3656 19
914 3609 939 3657 et
960 3617 1069 3657 remam
1086 3601 1113 3656 V
1130 3607 1156 3655 et
1173 3616 1227 3655 om.
1242 3599 1286 3656 ed

325 3678 359 3727 20
377 3679 447 3729 reete
465 3674 529 3744 adl
549 3674 658 3728 tumido
675 3673 702 3727 V
718 3674 820 3728 rubido
838 3673 881 3727 ed.
942 3677 974 3726 21
1101 3671 1135 3727 V.
1152 3675 1156 3743 Ι
1176 3672 1289 3728 eedem

266 3745 295 3798 V
319 3761 340 3799 s.
359 3751 399 3799 eet
414 3745 458 3799 ed.
550 3751 583 3798 22
603 3745 729 3815 decem
742 3744 789 3799 ed.
864 3749 915 3797 '23
933 3744 1027 3800 debuit
1093 3744 1171 3800 dirit-
1189 3741 1235 3799 ed.'

265 3822 305 3869 25
326 3817 423 3872 auertit
440 3816 484 3872 ed.
558 3821 592 3871 30
610 3817 752 3871 demeat
769 3815 820 3871 aed
838 3813 913 3869 infra
931 3814 1075 3871 acerem
1092 3814 1126 3870 V.

326 3915 385 3956 Don.
398 3915 492 3965 uterus.
505 3917 574 3966 Vera.
593 3915 667 3955 vth
1042 3907 1083 3958 bb
