3250 4350
345 411 419 466 XLII
706 426 709 433 ’
747 409 954 465 PRAEFATIO
1040 366 1046 377 ·

346 581 383 640 In
414 581 563 640 lemmatis
596 582 696 638 autem
728 578 943 639 constituendis
979 597 1040 638 non
1074 598 1169 655 parva
1200 579 1364 640 difficultas

347 668 527 729 occurrebat.
574 687 661 744 saepe
689 669 769 726 enim
796 667 906 727 accidit
932 671 967 726 ut
996 670 1028 726 in
1059 669 1106 726 bis
1138 670 1291 728 contraria
1322 671 1364 729 le·

347 762 457 836 gantur
484 758 521 818 iis
549 777 626 834 quae
652 759 684 815 in
707 758 955 832 interpretatione
978 757 1171 832 explicantur.
1217 758 1292 833 quid
1315 759 1364 818 bic

347 846 539 919 iudicandum
562 845 628 906 est?
666 866 704 904 an
726 846 806 904 idem
830 845 910 920 quod
933 845 994 904 iam
1012 845 1157 922 Heynius,
1175 848 1234 906 etsi
1255 866 1363 923 parum

348 939 427 997 certo
451 937 526 1012 loco,
550 936 657 1011 8,187
679 936 796 1009 statuit,
816 953 851 992 ex
868 936 1116 1011 interpretatione
1135 935 1207 1012 quid
1225 934 1364 997 Donatus

348 1026 454 1105 legerit
487 1024 723 1104 cognoscendum
755 1021 840 1084 esse?
883 1026 916 1081 in
943 1023 999 1083 hoc
1026 1043 1132 1101 genere
1165 1025 1299 1084 locorum
1329 1046 1364 1086 ex

348 1115 485 1190 plurimis
518 1115 712 1192 gravissimus
745 1116 790 1172 est
825 1114 875 1186 12,
900 1115 973 1171 412.
1018 1115 1131 1171 nemini
1163 1115 1243 1172 enim
1275 1115 1364 1174 credo

347 1221 519 1280 persuasum
543 1203 582 1262 iri
603 1202 756 1261 Donatum
774 1201 978 1276 „dictamnum
1000 1203 1133 1280 genetrix
1153 1202 1278 1263 Cretaea
1300 1223 1363 1263 car·

346 1294 393 1370 pit
416 1292 453 1351 ab
476 1288 548 1351 Ide“
571 1294 603 1350 in
626 1292 775 1365 lemmate,
799 1294 836 1349 ut
857 1290 1003 1349 traditum
1026 1293 1080 1366 est,
1103 1291 1270 1367 scripsisse,
1295 1311 1363 1351 oum

348 1401 413 1441 eam
441 1382 599 1440 lectionem
626 1380 705 1438 haud
735 1379 873 1456 ambigue
901 1381 1070 1456 impugnet,
1101 1384 1134 1440 at
1161 1381 1258 1440 altere
1279 1380 1365 1457 „ipsa

347 1489 438 1529 manu
466 1471 602 1547 genetrix
631 1469 756 1527 Dictaea
783 1469 881 1544 carpit
908 1468 946 1526 ab
968 1468 1040 1528 Ida“
1068 1489 1121 1545 per
1148 1472 1244 1528 totam
1272 1471 1363 1530 inter·

347 1559 547 1635 pretationem
573 1577 628 1634 pro
656 1556 849 1617 fundamento
876 1560 981 1616 utatur
1008 1560 1038 1616 et
1063 1559 1175 1618 multus
1198 1560 1239 1618 sit
1261 1559 1294 1618 in
1316 1579 1363 1619 ex·

346 1648 487 1724 plicando
510 1648 590 1724 quod
613 1651 659 1706 est
681 1645 808 1721 „manu“
831 1648 862 1704 et
885 1646 1053 1721 „Dictaea“.
1100 1666 1153 1706 nec
1176 1649 1275 1707 minus
1302 1648 1364 1708 evi-

348 1738 452 1796 denter
467 1739 496 1810 9,
508 1737 570 1795 786
587 1756 622 1795 ex
635 1737 883 1810 interpretatione
898 1738 1023 1810 apparet
1037 1737 1190 1795 Donatum
1204 1735 1363 1812 ,01000001ι

347 1827 464 1904 legisse,
483 1845 542 1884 non
562 1823 765 1902 „parentum“‚
785 1824 864 1900 quod
879 1824 1043 1884 Vaticanus
1067 1828 1097 1884 et
1119 1825 1211 1885 editio
1235 1827 1267 1884 in
1290 1826 1363 1885 lem·

347 1917 427 1974 mate
455 1914 611 1990 praebent,
639 1913 770 1988 itemque
799 1917 827 1991 5,
849 1914 911 1972 775
934 1913 972 1972 al.
1018 1914 1190 1990 impeditior
1211 1915 1295 1974 locus
1318 1918 1366 1975 est

350 2007 401 2078 10,
422 2006 471 2078 18,
494 2002 548 2061 ubi
569 2003 679 2063 lemma
701 1999 896 2078 „rerumque“
912 2002 1012 2077 habet,
1031 2004 1280 2080 interpretatione
1302 2004 1364 2079 „di-

348 2090 496 2168 vumque“
520 2093 699 2168 explicatur:
723 2089 920 2166 „divumque“
943 2091 1042 2167 recepi
1065 2110 1248 2168 quamquam
1271 2095 1364 2152 etiarn

349 2186 379 2257 4,
404 2183 467 2241 676
496 2180 688 2257 „rerumque“
717 2180 817 2240 codice
849 2181 1053 2254 confirmatum
1089 2186 1189 2258 potest
1220 2185 1301 2242 enim
1332 2186 1364 2241 in

349 2274 457 2348 quarto
476 2274 528 2330 aut
547 2271 684 2331 Donatus
703 2289 738 2329 ax
756 2272 901 2331 memoria
919 2270 1040 2329 solitam
1062 2272 1221 2329 lectionem
1243 2276 1365 2331 secutus

348 2379 412 2421 esse
440 2363 506 2435 aut,
534 2360 560 2419 si
582 2360 646 2418 illic
670 2378 787 2435 quoque
810 2359 1008 2436 „divumque“
1031 2360 1199 2436 scripserat,
1222 2361 1365 2421 librarius

347 2454 487 2509 mutasse.
533 2449 589 2508 hoc
613 2449 692 2506 enim
716 2453 795 2507 certe
819 2449 932 2507 factum
956 2452 1002 2507 est
1024 2450 1056 2505 in
1079 2450 1144 2508 loco
1169 2450 1207 2508 ad
1232 2452 1284 2525 12,
1299 2452 1364 2509 412

348 2558 384 2597 ex
408 2541 436 2613 4,
454 2539 516 2597 513
541 2538 666 2611 adscito,
689 2537 749 2610 ubi,
774 2557 842 2596 eum
861 2538 999 2597 Donatus
1021 2537 1102 2596 haud
1125 2537 1214 2597 dubie
1233 2537 1367 2612 „messe“

349 2623 510 2703 scripserit,
533 2627 605 2702 quia
629 2629 750 2700 „messis
773 2625 925 2702 tempore“
949 2627 1087 2702 explieat,
1109 2627 1251 2686 librarius
1270 2648 1366 2703 „mes-

349 2714 417 2775 sae“
431 2716 535 2792 posuit
549 2715 710 2775 secundum
724 2716 869 2775 traditam
887 2717 919 2773 in
938 2715 1022 2775 libris
1037 2716 1219 2793 Vergilianis
1237 2720 1368 2776 rectam-

348 2823 406 2880 que
440 2804 610 2879 lectionem‚
642 2805 725 2865 locus
756 2806 821 2880 ipse
848 2806 879 2862 in
908 2808 1015 2879 quarto
1044 2806 1169 2864 amissus
1196 2806 1369 2880 comparari

348 2894 463 2969 nequit.
510 2893 632 2953 dubium
655 2913 714 2952 non
738 2901 784 2952 est
806 2895 879 2969 quin
902 2894 1052 2953 lemmatis
1076 2895 1165 2953 lectio
1188 2895 1370 2971 corrigenda

348 2984 397 3056 sit,
420 2981 515 3041 sicubi
539 2984 587 3040 vel
615 2986 711 3042 metro
740 2982 901 3041 damnatur
927 2986 962 3041 ut
991 2985 1020 3056 3,
1045 2985 1117 3042 526.
1151 2984 1180 3058 8,
1206 2985 1279 3043 150.
1314 2987 1370 3060 10,

350 3073 422 3130 693.
454 3075 503 3145 11,
527 3074 596 3130 129.
626 3074 690 3131 498
715 3075 769 3130 etc.
798 3073 846 3129 vel
873 3074 962 3130 metri
990 3091 1024 3132 ac
1052 3072 1217 3131 sententiae
1246 3074 1370 3133 ratione

348 3165 384 3219 ut
411 3162 441 3234 4,
461 3162 534 3219 256.
564 3162 592 3235 6,
613 3162 685 3220 363.
716 3162 778 3219 528
808 3161 856 3219 vel
884 3161 944 3219 alio
974 3161 1039 3221 loeo
1071 3180 1173 3220 veram
1205 3161 1368 3221 lectionem

347 3252 478 3308 testante
506 3253 541 3308 ut
569 3252 691 3324 4,106.
716 3252 745 3325 5,
766 3251 839 3308 662.
867 3250 936 3309 'sed
964 3250 1019 3309 hoc
1042 3266 1163 3328 quoque
1185 3250 1216 3307 in
1240 3270 1369 3311 numero

349 3338 481 3397 difficilis
504 3339 588 3397 locus
611 3342 657 3398 est
682 3343 732 3414 11,
753 3340 816 3398 886
840 3338 903 3412 061,
925 3338 997 3398 licet
1020 3344 1068 3413 „et
1091 3339 1165 3397 duro
1188 3339 1243 3397 sub
1267 3340 1370 3401 Marte

349 3424 525 3485 cadentum“
544 3430 638 3486 metro
657 3428 840 3504 repudietur,
859 3428 991 3486 dubitari
1013 3431 1115 3487 tamen
1137 3430 1238 3503 potest
1260 3433 1370 3488 utrum

348 3534 416 3575 cum
439 3515 578 3575 Fabn'cio
601 3517 693 3590 „duro
717 3516 765 3575 et“
789 3517 1007 3575 emendandum
1028 3535 1067 3574 an
1086 3517 1236 3576 diversum
1254 3518 1371 3577 lemma

349 3603 429 3680 quod
460 3604 531 3663 libri
559 3604 729 3682 Vergiliani
759 3609 915 3682 praestant
947 3605 1189 3664 substituendum
1221 3606 1268 3664 sit.
1321 3613 1372 3667 est

344 3694 425 3749 enim
443 3694 586 3767 profecto
610 3694 661 3753 ubi
684 3695 822 3754 Donatus
846 3713 865 3752 a
887 3693 999 3753 tradito
1014 3694 1142 3771 Vergilii
1163 3698 1249 3753 textu
1272 3696 1370 3755 disce-

280 3857 283 3864 ,
322 3776 382 3832 dat
395 3780 492 3839 modo
509 3784 674 3844 meliorem
692 3786 862 3848 lectionem
878 3784 1029 3864 praebens
1045 3787 1085 3841 ut
1101 3784 1369 3857 6,811.11,845
