3250 4350
349 402 416 469 254
629 404 770 461 ΒΟΝΑΤῙ
786 404 956 460 mussula
974 404 1083 462 vum.

348 573 447 632 furori
469 572 640 634 consentis?
677 573 751 651 quid
767 574 826 635 tibi
844 574 955 635 doloris
974 576 1107 635 eiusdem
1123 575 1215 638 leber
1233 576 1373 639 ineffiom

348 664 538 739 quaesiturus
561 661 628 723 eet?
665 663 746 740 quod
767 663 852 724 vides
874 663 997 724 deorum
1019 666 1179 725 voluntate
1201 668 1374 743 perfeetum

348 754 401 811 est
448 750 536 810 debes
559 770 670 828 aequus
692 752 771 812 ferre
795 752 875 828 quod
897 755 995 812 maior
1015 756 1152 830 potestas
1174 744 1308 832 inflixit,
1329 759 1372 817 to·

347 841 445 900 lerare
467 843 542 917 quin
565 842 657 901 etiem
679 840 761 919 quod
781 860 843 900 nou
864 844 965 918 potest
987 845 1135 919 superari:
1159 845 1247 904 mele.
1272 845 1373 906 omnia

346 929 469 990 ferendo
487 932 589 1006 potius
607 949 699 1006 quum
716 931 882 992 resistendo
899 931 1068 992 vincuntur.
1100 935 1249 1011 coniugio
1269 937 1372 997 nostro
1393 960 1403 1002 s

346 1019 436 1079 finem
459 1019 565 1079 attulit
584 1020 732 1096 profectio
754 1022 822 1096 tue,
849 1022 960 1097 quippe
983 1020 1015 1079 id
1037 1022 1154 1098 superis
1176 1023 1317 1100 placuit,
1338 1026 1372 1084 ut

346 1110 395 1168 hic
422 1110 606 1185 relinqueres
631 1110 789 1188 coniugem
816 1112 848 1169 et
874 1109 1010 1170 abiturus
1035 1112 1069 1170 iu
1096 1110 1159 1169 ulie
1181 1131 1248 1171 non
1272 1116 1371 1174 tecum

294 1203 346 1253 '180
354 1202 491 1276 portares
514 1216 645 1258 uxorem.
679 1199 767 1272 lenqa
788 1199 843 1258 tibi
860 1199 949 1258 exilia
966 1203 994 1258 ct
1009 1203 1126 1259 vastem
1142 1203 1243 1260 muris
1262 1220 1371 1277 aequor

346 1288 496 1348 arandum
522 1292 548 1346 et
575 1293 686 1347 tamem
711 1288 889 1361 Hesperiam
919 1290 1031 1358 renim,
1061 1288 1113 1348 ubi
1138 1288 1265 1364 Lydae
1297 1310 1370 1353 urvo

345 1381 422 1438 ieter
443 1379 542 1450 opima
563 1380 662 1436 etrum
684 1378 743 1436 leet
764 1378 969 1451 dedecoriue
993 1377 1132 1453 Hybrts:
1165 1377 1205 1437 ad
1232 1382 1401 1447 consoles

345 1470 459 1527 tionem
476 1466 675 1542 multiplicem
696 1467 829 1543 pertinet
851 1464 932 1541 qued
954 1467 1037 1526 canit
1058 1467 1162 1526 future
1184 1469 1217 1527 et
1240 1471 1369 1530 ventum

345 1557 535 1632 pronuntiet3
571 1556 629 1616 hoc
655 1557 736 1614 enim
763 1573 871 1634 genere
897 1555 960 1614 ium
985 1554 1097 1631 probat
1121 1555 1161 1615 ed
1185 1555 1315 1618 deorum
1339 1576 1368 1619 se

346 1645 489 1720 obsequia
513 1663 576 1705 esse
593 1645 782 1704 translatum.
819 1661 905 1704 nosse
924 1644 1036 1721 quippe
1053 1643 1157 1704 divine
1174 1663 1239 1705 non
1258 1650 1368 1724 posset,

345 1737 405 1794 nisi
430 1734 516 1793 illem
543 1733 586 1792 dii
612 1735 646 1793 in
678 1733 830 1793 adfectum
860 1735 1017 1810 proprium
1047 1735 1241 1810 recepissent
1290 1736 1368 1813 quod

344 1842 415 1883 vero
443 1825 567 1882 instruit
593 1825 736 1883 maritum
763 1825 794 1881 et
819 1841 946 1901 guarum
969 1823 1103 1882 omnium
1124 1823 1201 1883 facit
1224 1842 1265 1884 ec
1287 1827 1399 1893 luten

345 1915 447 1972 omnia
479 1913 618 1989 spondet,
656 1911 802 1970 evidentis
839 1911 1051 1972 consolationis
1083 1915 1285 1990 augmentum
1314 1918 1366 1974 cst

346 2003 426 2077 quod
451 2003 495 2060 ait
517 2002 608 2078 longe
629 2001 688 2061 tibi
710 2001 803 2059 exilia
826 2003 856 2059 et
878 2003 997 2060 vastum
1019 2002 1112 2061 meris
1135 2020 1253 2077 aequor
1281 2022 1366 2062 eren-

345 2090 415 2148 dum
439 2094 470 2149 et
491 2095 603 2149 terram
626 2090 804 2165 Hesperiam
831 2091 947 2163 venies,
974 2090 1026 2147 ubi
1048 2089 1163 2166 Lydius
1187 2109 1266 2150 arva
1289 2095 1368 2152 inter

345 2182 445 2256 opima
472 2181 570 2239 virum
597 2181 659 2239 leni
686 2180 753 2238 fluit
781 2181 901 2257 agmine
928 2180 1071 2256 Thybris,
1103 2180 1179 2239 dura
1210 2185 1365 2258 prosperis

344 2264 456 2329 miscet.
503 2272 561 2327 erit
592 2270 661 2343 tibi,
693 2269 806 2343 inquit,
838 2270 1031 2344 perveniendi
1060 2268 1098 2327 ad
1125 2268 1252 2329 Italiam
1281 2272 1398 2338 labor„

344 2360 494 2418 inmensus
519 2362 549 2416 et
571 2360 671 2435 pelagi
693 2358 811 2433 prolixe
833 2360 1031 2433 transmissio,
1055 2358 1106 2417 sed
1128 2357 1287 2427 laboribus
1304 2363 1365 2419 tuis

343 2450 424 2507 laeta
456 2448 625 2516 succedent,
657 2450 738 2505 terre
768 2448 878 2506 fertilis
911 2451 941 2507 et
968 2447 1129 2523 Thybridis
1156 2450 1270 2524 gratia.
1316 2450 1364 2509 de·

344 2538 447 2597 scribit
480 2540 509 2595 et
540 2537 649 2595 fiumen
681 2537 777 2611 ipsum
810 2555 878 2594 cum
905 2537 993 2596 laude
1020 2536 1196 2611 plenissima
1224 2540 1257 2596 et
1287 2540 1364 2615 quod

342 2647 403 2686 non
435 2629 572 2701 noverat,
607 2627 693 2700 quasi
724 2629 838 2702 nosset,
872 2625 1011 2684 adfirmat
1040 2624 1165 2684 edocens
1193 2626 1273 2686 nihil
1302 2646 1363 2687 esse

343 2716 422 2790 quod
446 2734 568 2789 superos
587 2715 682 2773 lateat
700 2715 749 2772 vel
767 2732 817 2773 eos
836 2716 890 2789 qui
909 2732 978 2773 cum
997 2716 1111 2790 superis
1131 2721 1361 2776 commorentur.
1374 2740 1396 2782 re

342 2805 407 2862 laus
435 2807 550 2862 interea
573 2804 703 2862 fluminis
727 2804 782 2862 illa
805 2806 864 2876 est,
888 2803 968 2878 quod
991 2803 1141 2879 copiosus,
1171 2806 1253 2878 quod
1277 2806 1361 2880 Ieme,

343 2893 422 2967 quod
445 2894 476 2949 in
500 2895 566 2968 ipso
590 2911 737 2967 aquarum
759 2892 940 2950 redundanti
961 2894 1061 2951 tractu
1083 2911 1138 2967 per
1160 2910 1252 2970 agros
1276 2896 1361 2953 uber·

341 2983 397 3039 tim
420 2981 513 3040 fluens
536 2981 611 3039 nihil
634 2982 742 3040 laedat.
783 2983 844 3040 illic
861 3000 908 3040 res
927 2982 1019 3040 laetae
1036 2999 1215 3055 rapacesque
1235 2987 1263 3041 et
1280 2987 1361 3057 repta

342 3073 468 3128 coninua
485 3074 578 3144 parte
600 3071 665 3128 libi·
687 3071 760 3144 illic,
783 3071 891 3145 inquit,
915 3072 1025 3129 amisse
1046 3071 1164 3145 repetes
1188 3074 1219 3129 et
1242 3073 1361 3147 perdita

413 3227 428 3274 3
448 3240 550 3291 aeques
568 3222 621 3274 LR
639 3224 754 3291 aequius
771 3240 786 3275 r
804 3223 1002 3291 aequounimo
1020 3221 1063 3275 ed.
1083 3221 1144 3290 (sed
1159 3222 1274 3278 cf.Hor.
1290 3223 1359 3277 c.III

341 3299 383 3360 29,
399 3296 450 3363 33).
507 3300 668 3361 4seperare
682 3311 706 3347 r:
723 3300 834 3362 potera.
849 3292 970 3346 voluisse
985 3292 1103 3348 videtur.
1160 3295 1281 3349 ‘ldiam
1294 3295 1323 3348 L.

341 3370 356 3418 9
376 3372 401 3420 et
419 3372 519 3420 terram
538 3368 577 3434 (et
595 3364 680 3433 infre)
699 3364 751 3418 LPo
769 3367 807 3419 ad
826 3371 843 3418 t.
864 3364 906 3419 ed.
997 3371 1029 3418 11
1049 3365 1181 3420 canitura
1199 3372 1225 3419 et
1243 3374 1358 3421 emera

340 3436 393 3489 LR
415 3437 540 3491 caritura
563 3438 588 3490 ei
605 3454 629 3489 e.
653 3436 708 3505 (vel
726 3453 755 3489 eo
774 3435 804 3488 in
824 3438 924 3505 marg.)
947 3433 973 3488 r‘
997 3437 1075 3490 coeit
1095 3436 1198 3501 futura
1220 3444 1246 3491 et
1264 3457 1289 3493 e.
1308 3454 1357 3491 nos

340 3524 392 3561 om.
409 3508 451 3562 ed.
518 3514 550 3560 12
566 3510 750 3576 praenuntiat
767 3525 782 3560 r
800 3507 843 3562 ed.
864 3509 936 3576 post.
991 3512 1024 3560 15
1043 3508 1163 3562 inseruit
1180 3508 1234 3562 LR
1252 3510 1297 3565 ed.
1315 3511 1356 3562 in-

339 3581 421 3634 struit
435 3579 460 3631 R
473 3579 519 3633 vel
532 3597 546 3632 r
559 3579 602 3631 ed.
617 3581 690 3647 post.
748 3577 982 3648 respondebit
996 3580 1136 3647 promittit
1154 3579 1199 3635 ed.
1256 3587 1291 3636 24
1309 3581 1355 3634 cd·

338 3652 426 3718 fireeet
443 3649 475 3704 R.
548 3656 581 3703 25
600 3651 725 3717 superbis
743 3649 796 3703 LR
812 3651 920 3719 superes
937 3667 952 3702 r
969 3651 1012 3703 his
1030 3649 1073 3703 ed.
1143 3656 1179 3705 28
1197 3669 1246 3723 rep
1263 3653 1286 3705 L
1303 3668 1354 3705 om.

339 3738 403 3775 cum
421 3721 514 3845 stpatio
533 3721 562 3845 1}
576 3738 740 3849 zepgtgmpee
759 3721 801 3775 ed.
902 3726 935 3774 29
954 3723 1094 3790 repetisset
1111 3720 1164 3775 LR
1181 3730 1285 3793 repetes
1302 3730 1355 3778 etr

339 3808 427 3846 ome
459 3809 492 3847 ac
510 3810 543 3845 su
564 3810 597 3846 s.
