3250 4350
700 419 907 475 PRAEFATIO
1222 419 1313 472 XXXI

287 605 364 646 vero
398 587 505 662 quarto
536 588 644 645 itinere
675 587 802 646 Romam
833 588 961 648 revisere
992 607 1039 648 me
1070 588 1211 647 valetudo
1243 606 1311 663 pro·

288 676 423 749 hiberet,
450 676 566 751 reliqua
593 696 692 735 meum
718 679 751 735 in
778 695 866 735 usum
894 677 1083 736 contulerunt
1109 678 1168 736 viri
1198 679 1311 756 egregii

291 763 577 824 Alfredus‘Monaci
599 766 749 840 professor
772 769 803 825 et
825 764 995 824 Ludovicus
1018 766 1064 825 De
1087 765 1204 825 Stefani
1230 767 1310 825 litte·

291 873 394 913 rarum
427 854 543 928 doctor,
576 853 628 929 qui
659 854 751 913 iidem
780 854 856 912 mihi
884 855 922 913 ad
950 855 1147 913 examinanda
1176 874 1251 931 quae
1278 857 1311 913 in

293 941 496 1002 Laurentiano
516 961 551 1002 ac
564 943 712 1002 Vaticano
731 946 801 1019 post
820 944 1011 1003 collationem
1033 942 1124 1001 dubia
1148 946 1312 1003 extiterunt

293 1050 416 1108 operam
439 1050 526 1091 suam
548 1035 744 1091 navavemmt.

360 1119 492 1180 Cunctos
518 1123 801 1198 interpretationum
828 1121 920 1181 libros
951 1124 1094 1197 quattuor
1121 1122 1233 1180 saeculi
1255 1122 1311 1180 XV

292 1211 409 1269 codices
438 1212 604 1284 continent,
629 1211 846 1284 Harlemensis,
871 1209 1060 1284 Oxoniensis,
1083 1210 1225 1283 Urbinas,
1247 1211 1310 1268 Ma·

291 1301 487 1373 latestianus,
519 1300 738 1359 membranacei
770 1318 885 1374 omnes,
917 1301 1015 1374 iisque
1047 1301 1170 1376 quintus
1197 1299 1312 1358 accedit

290 1389 435 1448 editionis
458 1389 603 1464 principis
627 1387 852 1464 „archetypus“.
894 1389 967 1447 duos
995 1391 1109 1465 primos
1136 1391 1216 1447 tutos
1243 1406 1311 1447 con-

290 1478 360 1551 tuli,
374 1477 531 1537 Urbinatis
547 1497 689 1555 magnam
707 1481 833 1553 partem,
846 1477 1091 1537 Malatestianum
1109 1497 1169 1536 non
1187 1477 1311 1553 inspexi.

292 1585 343 1626 eos
365 1568 400 1624 in
423 1566 553 1625 secunda
574 1567 858 1643 interpretationum
880 1570 967 1642 parte
986 1586 1002 1626 e
1018 1566 1165 1626 Vaticano
1183 1566 1313 1640 fluxisse,

292 1673 361 1714 cum
389 1655 512 1714 lacunas
540 1674 615 1730 quas
642 1656 674 1714 in
701 1656 756 1714 hoc
784 1659 865 1714 ortas
893 1674 957 1715 esse
986 1674 1078 1731 supra
1110 1654 1313 1715 demonstravi

292 1744 413 1803 easdem
437 1744 608 1819 exhibeant,
633 1745 827 1804 manifestum
850 1747 902 1804 est.
949 1745 1064 1804 accedit
1085 1748 1120 1804 ut
1141 1747 1175 1803 in
1197 1745 1311 1805 decimo

291 1833 371 1892 libro
406 1832 513 1907 quibus
545 1833 619 1893 locis
652 1853 670 1892 a
697 1833 857 1911 Reginensi
885 1834 1024 1893 dissentit
1050 1834 1217 1893 Vaticanus
1245 1852 1313 1892 oum

290 1923 348 1981 hoc
369 1924 565 1980 consentiant.
599 1922 711 1982 habent
729 1941 796 1981 eam
815 1942 932 1999 quoque
950 1923 1090 1982 lacunam
1109 1943 1169 1999 qua
1188 1925 1313 1998 quartus

291 2011 372 2070 liber
394 2010 468 2069 hiat.
513 2011 591 2070 hanc
614 2011 757 2087 quoniam
780 2030 870 2087 supra
892 2012 954 2070 iam
976 2014 1009 2070 in
1032 2012 1194 2088 archetypo
1220 2011 1313 2071 fuisse

291 2100 507 2175 demonstravi,
530 2101 687 2177 suspiceris
707 2102 834 2160 forsitan
853 2119 903 2159 eos
921 2102 953 2158 in
971 2103 1070 2177 prima
1087 2103 1173 2177 parte
1193 2121 1227 2158 ex
1245 2103 1312 2177 ipso

292 2191 459 2265 archetypo
473 2192 669 2266 transcriptos
685 2208 755 2251 esse.
784 2191 836 2249 sed
854 2209 921 2249 cum
940 2209 1031 2267 supra
1049 2211 1077 2266 p.
1085 2191 1199 2249 XXVII
1212 2192 1313 2250 arche-

290 2283 403 2356 typum
426 2281 526 2338 totum
548 2279 701 2338 Donatum
729 2280 910 2339 continuisse
937 2280 1176 2355 probaverimus,
1203 2280 1313 2337 mirum

292 2387 366 2427 sane
394 2367 546 2443 videatur,
574 2370 601 2426 si
623 2369 692 2427 illos
715 2370 870 2444 inpriore
893 2372 979 2444 parte
1002 2368 1071 2444 hoo,
1094 2369 1126 2425 in
1149 2369 1314 2444 posteriore

292 2458 355 2517 alio
379 2456 458 2515 libro
480 2475 551 2516 usos
575 2475 637 2516 esse
660 2461 807 2534 putemus.
848 2458 962 2517 accedit
985 2457 1064 2532 quod
1087 2457 1139 2516 ubi
1162 2458 1189 2515 R
1211 2476 1313 2515 veram

293 2546 455 2621 archetypi
485 2546 643 2605 lectionem
675 2565 807 2605 servasse
838 2546 957 2606 videtur
988 2546 1165 2622 plerumque
1193 2565 1260 2605 cum
1288 2546 1312 2603 L

293 2634 494 2695 consentiunt.
539 2652 593 2693 nec
620 2637 716 2714 magis
747 2655 782 2694 ex
809 2635 985 2712 Reginensis
1017 2633 1114 2710 prima
1145 2638 1231 2711 parte
1264 2636 1314 2694 de-

294 2726 402 2800 scripti
425 2740 488 2782 esse
511 2726 644 2799 possunt,
667 2725 740 2800 quia
762 2724 867 2799 aliqua
889 2723 920 2782 in
944 2724 999 2782 iila
1021 2726 1132 2783 omissa
1150 2741 1216 2782 cum
1234 2723 1313 2782 Lau-

293 2815 434 2872 rentiano
464 2831 594 2890 congrua
621 2813 733 2872 habent
760 2815 790 2871 et
819 2832 894 2888 quae
921 2815 953 2869 in
981 2812 1034 2871 illo
1061 2815 1188 2874 meliora
1210 2816 1314 2872 extant

294 2906 329 2960 ut
350 2904 380 2974 5,
396 2903 470 2961 495.
492 2903 556 2961 730
574 2904 688 2977 pariter
707 2921 742 2960 ac
760 2901 981 2960 Laurentianus
1000 2905 1141 2978 corrupta
1160 2901 1313 2977 praebent.

296 2990 491 3065 quamobrem
516 3009 565 3051 eos
588 2994 623 3048 ut
645 2992 677 3048 in
701 2990 832 3050 secunda
853 2994 939 3066 parte
963 2991 1002 3049 ad
1019 2990 1201 3049 Vaticanum
1218 2993 1264 3049 ita
1281 2992 1314 3048 in

294 3079 395 3154 prima
423 3078 462 3136 ad
485 3078 720 3138 Laurentianum
746 3079 916 3138 referendos
944 3098 1007 3138 esse
1034 3079 1234 3138 confitendum
1259 3082 1313 3138 est.

296 3171 326 3225 et
344 3166 526 3226 Urbinatem
549 3169 670 3243 quidem
688 3188 723 3227 ex
741 3171 807 3245 ipso
826 3167 1028 3227 Laurentiano
1047 3168 1229 3245 descriptum
1250 3186 1313 3227 esse

295 3256 355 3315 loci
371 3255 495 3331 quidam
512 3256 714 3317 demonstrare
732 3257 880 3317 videntur.
911 3259 1042 3333 primum
1060 3258 1140 3315 euim
1158 3257 1195 3339 ab
1210 3255 1314 3332 „illos“

295 3345 414 3420 incipit,
438 3363 498 3402 non
522 3364 540 3403 a
563 3348 649 3421 „post
671 3345 767 3407 illos“.
813 3345 920 3405 deinde
943 3364 1011 3405 cum
1032 3345 1252 3405 Laurentianus
1275 3346 1314 3404 ad

297 3436 326 3507 4,
343 3436 409 3494 202
433 3434 501 3492 folii
517 3437 580 3493 110
603 3435 731 3513 paginae
744 3435 773 3493 A
794 3436 913 3510 partem
935 3436 1065 3510 priorem
1083 3435 1182 3495 verbis
1201 3438 1314 3510 „aeter-

296 3541 351 3582 nas
373 3521 431 3598 pe“
455 3523 647 3582 terminatam
673 3523 705 3582 in
732 3523 868 3600 sequenti
894 3526 974 3582 recte
1003 3525 1222 3583 continuaverit
1245 3544 1314 3598 „ou-

297 3612 429 3687 dumque
454 3610 605 3670 eruorem“
628 3615 691 3685 etc,
713 3613 759 3671 his
787 3614 889 3671 autem
915 3612 1014 3671 verbis
1042 3614 1191 3672 lemmatis
1216 3613 1315 3687 finem,

297 3720 387 3777 quem
415 3700 513 3775 primo
541 3702 692 3775 omiserat,
720 3703 849 3782 „pingue
879 3702 979 3765 solum
1007 3704 1039 3766 et
1064 3705 1163 3767 uariis
1183 3703 1335 3767 toranus,

292 3789 396 3844 omna
421 3785 530 3843 ΜΨ
554 3790 707 3863 tamqnam
734 3795 876 3871 primum
904 3799 1046 3884 paginae
1071 3820 1207 3864 versum
1237 3807 1351 3875 eupet-
