3250 4350
574 437 580 471 ²
670 451 854 508 nannmos
871 453 898 507 v
1229 452 1299 517 499

277 640 367 680 sonae
395 621 489 696 ipsius
523 622 560 680 ab
590 625 660 681 actu
689 641 806 699 quoque
836 624 1030 699 monstravit,
1058 640 1161 700 aegra,
1189 621 1299 698 inquit,

276 711 349 783 fnit,
372 710 427 768 hoc
451 713 497 769 est
519 711 711 771 cruciabatur
733 713 834 771 animo
858 713 1017 787 animoque
1040 709 1297 786 commovebatur3

277 798 351 857 dicit
374 817 494 859 oausam
518 801 716 878 aegritudinis
738 802 835 877 ipsius
859 802 890 859 et
912 801 1120 860 commotionis
1138 800 1197 859 tali
1215 799 1297 876 quod

218 928 221 956 ,
277 889 342 947 sola
365 891 480 947 careret
502 909 624 949 munere
647 908 701 949 neo
719 890 826 948 merito
845 888 995 948 Anchisae
1013 890 1139 948 inferret
1156 889 1297 948 honores:

218 989 221 1044 i
250 997 263 1038 o
277 976 399 1036 dolebat
414 978 496 1053 quod
514 997 575 1037 non
590 979 802 1054 obsequeretur
815 978 955 1036 manibus
970 977 1118 1036 Anchisae
1132 979 1165 1036 in
1179 976 1297 1036 sollem-

218 1098 222 1134 1
276 1067 363 1125 nibus
388 1066 568 1126 exhibendis.
614 1069 684 1127 baec
703 1069 806 1140 effato:
828 1067 930 1126 locuta
954 1069 1000 1126 est
1017 1066 1099 1126 haec.
1141 1070 1173 1125 ot
1189 1070 1297 1125 matres

218 1185 222 1228 t
269 1158 372 1229 primo
392 1158 532 1228 occipitss
551 1158 697 1229 oculisque
715 1156 855 1230 6661166616
873 1157 1030 1230 ambucos
1046 1159 1177 1229 spectare
1194 1157 1349 1213 66166666

220 1276 223 1310 :
276 1244 384 1320 primo,
409 1244 460 1318 ait,
484 1244 638 1321 ancipites,
661 1247 759 1322 primo
780 1244 948 1322 ambiguae,
970 1246 1067 1321 primo
1092 1242 1186 1304 oculis
1209 1243 1296 1301 mali·

218 1366 222 1404 ;
275 1334 343 1409 gnis
370 1339 451 1392 rates
480 1334 656 1409 spectabant
686 1336 742 1393 hoo
775 1336 822 1394 est
853 1335 948 1393 oculis
980 1335 1040 1393 suis
1072 1333 1168 1393 malas
1202 1332 1295 1391 animi

218 1421 474 1500 ,recogitationes
502 1422 747 1482 demonstrantes.
793 1422 845 1481 sed
872 1441 940 1481 cum
967 1422 1041 1482 dicit
1068 1425 1164 1502 primo
1195 1421 1295 1480 dubiis

274 1514 306 1568 et
324 1513 423 1587 primo
446 1512 567 1570 incertis
591 1514 621 1571 et
638 1513 779 1590 malignis
802 1512 909 1588 primo,
931 1512 988 1570 hoc
1009 1501 1109 1587 ipsum
1132 1510 1294 1571 videndum

274 1603 322 1659 est
336 1618 410 1675 quos
425 1600 522 1659 exitus
540 1600 650 1659 habeat
665 1620 761 1676 quove
775 1602 839 1660 eius
853 1599 958 1660 tendat
976 1601 1135 1659 incertum:
1154 1602 1296 1658 6616666666

271 1692 350 1748 inter
383 1706 511 1748 amorem
537 1693 703 1763 praesectis
734 1694 830 1750 terrac
860 1691 987 1763 fatisque
1019 1691 1155 1749 vocontio
1186 1706 1301 1764 repca:

271 1777 455 1837 tenebantur
487 1797 586 1837 amore
616 1780 781 1854 praesentis
811 1780 924 1853 terrae,
955 1779 987 1836 in
1019 1797 1078 1853 qua
1108 1777 1166 1836 sibi
1198 1778 1295 1836 otium·

228 1886 257 1928 rs
273 1865 463 1942 spondebant
487 1867 686 1926 etmalorum
710 1867 845 1926 omnium
871 1866 974 1940 finem,
987 1940 990 1948 Ι
1004 1866 1056 1924 ubi
1083 1885 1150 1924 cum
1178 1865 1302 1925 civibus:

272 1958 374 2015 essent
396 1956 514 2016 futurae
537 1957 680 2016 habentes
702 1957 837 2032 requiem
859 1957 1084 2033 sempiternam
1109 1957 1302 2014 econtrario·

270 2043 448 2103 tractabant
474 2063 557 2121 spem
586 2047 659 2105 fatis
681 2046 852 2106 volentibus
879 2045 1018 2104 debitam.
1063 2044 1120 2125 hoo
1149 2045 1221 2103 fecit
1248 2063 1300 2103 66.-

272 2135 395 2210 quentis
418 2134 549 2210 consilii,
579 2153 645 2195 eccm
674 2137 729 2195 dea
756 2153 787 2195 se
810 2135 939 2209 poribus
956 2151 1015 2208 per
1041 2134 1153 2194 coctum
1169 2133 1293 2211 ‚sustulit

271 2224 334 2284 atis
355 2226 553 2298 torpentemque
574 2227 649 2300 supa
671 2227 762 2284 secuit
783 2225 977 2283 subnectitis
1000 2240 1118 2282 orcum:
1140 2221 1237 2280 adhuc
1258 2224 1290 2280 in

222 2330 256 2376 so
271 2315 390 2373 incerto
410 2315 575 2372 sententiae
598 2316 777 2374 constitutas
799 2313 857 2372 In's
876 2312 990 2372 dimisit
1014 2315 1044 2370 et
1061 2311 1152 2370 rediit
1170 2311 1208 2369 ad
1226 2328 1292 2370 cae-

271 2404 348 2461 lum.
393 2406 544 2460 16666666
568 2405 706 2462 attonitae
727 2404 866 2462 monstris
889 2406 1024 2474 66166666
1046 2400 1148 2472 furore
1170 2401 1357 2459 666616-666·

269 2492 555 2566 66661.·611661166,
585 2490 617 2549 id
649 2494 695 2551 est
721 2491 909 2550 sollicitiores
937 2490 1059 2548 effectae
1087 2491 1118 2548 61
1143 2490 1206 2545 iam
1232 2507 1293 2547 non

270 2579 393 2653 dubiae,
412 2598 448 2639 ao
465 2580 565 2639 furore
581 2583 734 2656 correptae
749 2579 947 2656 conclamant,
970 2579 1081 2638 utiam
1094 2596 1155 2636 non
1169 2595 1293 2652 paucae,

270 2668 327 2728 sed
350 2668 506 2728 universae
529 2672 700 2746 peccarent3
724 2669 895 2728 clamabant
918 2671 949 2725 et
971 2668 1046 2727 alias
1070 2666 1156 2740 aliae,
1180 2664 1293 2725 scilicet

218 2775 252 2822 ss
270 2775 352 2834 quas
370 2756 484 2833 primus
502 2759 587 2816 furor
604 2760 764 2817 invaserat.
810 2760 987 2830 rapiuntque
1004 2758 1077 2830 focis
1091 2756 1298 2829 penetralibus

267 2850 380 2922 1966666,
397 2864 475 2919 pars
496 2848 626 2921 spoliant
648 2864 736 2906 aros:
758 2866 818 2905 non
841 2845 1008 2906 sufficiebat
1024 2844 1192 2904 furentibus
1212 2844 1299 2919 quoti

349 3056 364 3103 6
383 3052 497 3118 efferata
514 3049 567 3105 LR
585 3054 670 3120 effata
687 3069 709 3105 r⁴
774 3055 789 3103 9
809 3052 987 3120 expectabant
1005 3050 1059 3120 111
1080 3051 1170 3104 ocimi
1187 3048 1214 3102 11
1231 3050 1298 3104 cni-

269 3123 344 3179 mico
362 3120 385 3175 L
403 3123 496 3176 acinco
515 3123 558 3176 ed.
625 3128 658 3177 16
677 3124 796 3190 satisque
813 3122 843 3175 L.
907 3128 940 3176 16
958 3123 1084 3176 babentes
1101 3120 1153 3174 LR
1172 3126 1198 3175 et
1213 3121 1292 3175 hobi-

269 3202 355 3250 twroe
373 3191 417 3247 ed.
474 3198 578 3247 17-18
596 3194 719 3261 bocfait
731 3195 868 3261 sepientis
880 3194 990 3247 consilii
1003 3191 1057 3245 LR
1069 3192 1125 3247 ed.:
1144 3191 1294 3246 intellectu

268 3266 346 3321 haec
370 3267 480 3332 carent;
512 3264 602 3319 latere
624 3268 703 3319 ratus
726 3264 802 3334 quod
826 3264 864 3318 ad
886 3263 990 3319 lemma
1012 3264 1164 3318 transitum
1185 3263 1295 3318 faceret

267 3338 340 3407 fecit
359 3334 467 3405 scripsi,
485 3338 670 3406 obsequentis
688 3352 745 3390 acc.
759 3335 832 3404 plur.
848 3335 887 3389 sit
905 3352 968 3388 oum
988 3352 1050 3405 gen.
1066 3334 1120 3388 obi.
1194 3339 1229 3387 26
1248 3336 1292 3388 in-

268 3413 378 3464 certum
395 3406 421 3460 11
444 3424 512 3461 corr.
531 3425 553 3462 r.
583 3409 587 3477 1
621 3409 769 3462 constituto
786 3408 813 3460 si
831 3408 883 3461 iris
900 3407 1007 3460 dissicit
1024 3405 1076 3458 LR
1098 3407 1248 3459 constituto
1266 3423 1293 3459 se

267 3483 290 3535 i.
308 3479 365 3532 (1.6
383 3480 538 3534 constitutis
555 3479 613 3533 Iris
630 3495 657 3533 sc
675 3479 783 3533 (16661611
801 3478 844 3531 ed.
863 3478 970 3531 correxi
988 3476 1043 3542 ita,
1065 3478 1099 3529 ut
1117 3475 1223 3530 dimisit
1241 3493 1293 3545 pro

267 3550 387 3619 reliquit
404 3549 529 3618 positum
546 3552 676 3619 putarem
695 3548 730 3603 cf.
740 3567 764 3604 v.
771 3553 832 3603 608.
889 3554 920 3602 21
940 3549 1032 3619 fipura
1047 3546 1071 3599 R
1084 3548 1179 3615 surore
1192 3564 1250 3600 r=
1261 3546 1291 3601 L.

328 3625 362 3672 22
382 3620 432 3674 ide*
445 3619 467 3673 L
485 3621 516 3674 ic
529 3620 607 3676 66111
623 3622 725 3675 166666
742 3620 785 3673 ed.
803 3622 807 3689 Ι
823 3620 999 3689 sollicitiopes
1012 3618 1064 3671 LR
1077 3618 1211 3677 sollicitae
1224 3618 1268 3672 ed.

267 3694 364 3761 effecte
382 3690 407 3742 11
426 3692 513 3757 effecti
530 3691 559 3746 L.
577 3695 581 3759 Ι
597 3693 679 3746 etium
696 3690 750 3744 LR
767 3696 793 3744 et
810 3693 869 3745 iam
887 3707 938 3745 nos
957 3696 983 3745 et
1000 3692 1082 3744 611666
1101 3690 1144 3743 ed.
1200 3694 1235 3743 23

267 3765 297 3818 11
316 3778 351 3816 66
368 3779 390 3816 r.
446 3768 480 3815 24
498 3768 525 3816 61
542 3763 604 3816 alas
622 3763 683 3816 aloc
696 3761 749 3816 LR
768 3764 842 3833 (cum
861 3762 955 3833 spatio
974 3764 1039 3831 post
1057 3759 1168 3831 616611)
1187 3760 1293 3816 abac

268 3834 316 3890 ed.
393 3836 427 3885 26
442 3835 552 3901 primis
569 3832 622 3886 LR
639 3850 711 3888 -cuos
728 3832 772 3890 ed.

1031 3922 1085 3977 ‘th'
