<?xml version="1.0" encoding="UTF-8"?>
<!DOCTYPE html PUBLIC "-//W3C//DTD XHTML 1.0 Transitional//EN"
    "http://www.w3.org/TR/xhtml1/DTD/xhtml1-transitional.dtd">
<html xmlns="http://www.w3.org/1999/xhtml" xml:lang="en" lang="en">
 <head>
  <title>
</title>
<meta http-equiv="Content-Type" content="text/html;charset=utf-8" />
  <meta name='ocr-system' content='tesseract 3.04.00' />
  <meta name='ocr-capabilities' content='ocr_page ocr_carea ocr_par ocr_line ocrx_word'/>
</head>
<body>
  <div class='ocr_page' id='page_1' title='image "./tibericlaudidon01georgoog_0052.png"; bbox 0 0 3250 4350; ppageno 0'>
   <div class='ocr_carea' id='block_1_1' title="bbox 319 389 931 466">
    <p class='ocr_par' dir='ltr' id='par_1_1' title="bbox 319 389 931 466">
     <span class='ocr_line' id='line_1_1' title="bbox 319 389 931 466; baseline 0.002 -2"><span class='ocrx_word' id='word_1_1' title='bbox 319 411 407 466; x_wconf 76' lang='lat' dir='ltr'><strong>univ</strong></span> <span class='ocrx_word' id='word_1_2' title='bbox 725 389 931 465; x_wconf 77' lang='grc'><strong>1111111111</strong></span> 
     </span>
    </p>
   </div>
   <div class='ocr_carea' id='block_1_2' title="bbox 272 579 1342 3865">
    <p class='ocr_par' dir='ltr' id='par_1_2' title="bbox 272 579 1342 3865">
     <span class='ocr_line' id='line_1_2' title="bbox 320 579 1340 657; baseline -0.002 -19"><span class='ocrx_word' id='word_1_3' title='bbox 320 582 366 639; x_wconf 86' lang='lat' dir='ltr'><strong>est</strong></span> <span class='ocrx_word' id='word_1_4' title='bbox 390 580 470 656; x_wconf 89' lang='lat' dir='ltr'><strong>quod</strong></span> <span class='ocrx_word' id='word_1_5' title='bbox 493 579 529 639; x_wconf 89' lang='lat' dir='ltr'><strong>de</strong></span> <span class='ocrx_word' id='word_1_6' title='bbox 552 580 736 657; x_wconf 83' lang='lat' dir='ltr'><strong>integrandis</strong></span> <span class='ocrx_word' id='word_1_7' title='bbox 760 579 938 656; x_wconf 90' lang='lat' dir='ltr'><strong>quibusdam</strong></span> <span class='ocrx_word' id='word_1_8' title='bbox 956 580 1107 638; x_wconf 84' lang='lat' dir='ltr'><strong>lemmatis</strong></span> <span class='ocrx_word' id='word_1_9' title='bbox 1126 579 1165 638; x_wconf 91' lang='lat' dir='ltr'><strong>ad</strong></span> <span class='ocrx_word' id='word_1_10' title='bbox 1186 584 1213 653; x_wconf 90' lang='lat'><strong>1,</strong></span> <span class='ocrx_word' id='word_1_11' title='bbox 1230 580 1271 638; x_wconf 80' lang='lat'><strong>25</strong></span> <span class='ocrx_word' id='word_1_12' title='bbox 1293 599 1340 639; x_wconf 85' lang='lat' dir='ltr'><strong>ex-</strong></span> 
     </span>
     <span class='ocr_line' id='line_1_3' title="bbox 320 669 1341 746; baseline -0.001 -18"><span class='ocrx_word' id='word_1_13' title='bbox 320 671 416 746; x_wconf 83' lang='lat' dir='ltr'><strong>posui.</strong></span> <span class='ocrx_word' id='word_1_14' title='bbox 463 670 583 728; x_wconf 92' lang='lat' dir='ltr'><strong>omnino</strong></span> <span class='ocrx_word' id='word_1_15' title='bbox 607 687 828 744; x_wconf 75' lang='lat' dir='ltr'><strong>supervacanea</strong></span> <span class='ocrx_word' id='word_1_16' title='bbox 850 673 920 728; x_wconf 89' lang='lat' dir='ltr'><strong>sunt</strong></span> <span class='ocrx_word' id='word_1_17' title='bbox 943 688 980 728; x_wconf 89' lang='lat' dir='ltr'><strong>ea</strong></span> <span class='ocrx_word' id='word_1_18' title='bbox 1001 669 1144 728; x_wconf 85' lang='lat' dir='ltr'><strong>lemmata</strong></span> <span class='ocrx_word' id='word_1_19' title='bbox 1167 687 1246 744; x_wconf 86' lang='lat' dir='ltr'><strong>quae</strong></span> <span class='ocrx_word' id='word_1_20' title='bbox 1269 672 1341 744; x_wconf 88' lang='lat' dir='ltr'><strong>post</strong></span> 
     </span>
     <span class='ocr_line' id='line_1_4' title="bbox 321 759 1340 834; baseline 0 -19"><span class='ocrx_word' id='word_1_21' title='bbox 321 759 600 834; x_wconf 65' lang='lat' dir='ltr'><strong>interpretationem</strong></span> <span class='ocrx_word' id='word_1_22' title='bbox 628 761 698 817; x_wconf 88' lang='lat' dir='ltr'><strong>ante</strong></span> <span class='ocrx_word' id='word_1_23' title='bbox 723 760 879 833; x_wconf 90' lang='lat' dir='ltr'><strong>sequentia</strong></span> <span class='ocrx_word' id='word_1_24' title='bbox 902 760 1079 834; x_wconf 88' lang='lat' dir='ltr'><strong>repetuntur</strong></span> <span class='ocrx_word' id='word_1_25' title='bbox 1100 760 1136 816; x_wconf 89' lang='lat' dir='ltr'><strong>ut</strong></span> <span class='ocrx_word' id='word_1_26' title='bbox 1161 759 1190 831; x_wconf 82' lang='lat'><strong>3,</strong></span> <span class='ocrx_word' id='word_1_27' title='bbox 1209 759 1285 817; x_wconf 79' lang='grc'><strong>628.</strong></span> <span class='ocrx_word' id='word_1_28' title='bbox 1311 760 1340 828; x_wconf 89' lang='grc'><strong>4,</strong></span> 
     </span>
     <span class='ocr_line' id='line_1_5' title="bbox 323 847 1340 923; baseline -0.002 -17"><span class='ocrx_word' id='word_1_29' title='bbox 323 849 395 906; x_wconf 82' lang='grc'><strong>170.</strong></span> <span class='ocrx_word' id='word_1_30' title='bbox 422 849 450 920; x_wconf 86' lang='grc'><strong>7,</strong></span> <span class='ocrx_word' id='word_1_31' title='bbox 465 849 538 905; x_wconf 86' lang='grc'><strong>441.</strong></span> <span class='ocrx_word' id='word_1_32' title='bbox 565 849 615 922; x_wconf 91' lang='grc'><strong>10,</strong></span> <span class='ocrx_word' id='word_1_33' title='bbox 631 849 703 906; x_wconf 83' lang='grc'><strong>783.</strong></span> <span class='ocrx_word' id='word_1_34' title='bbox 730 850 779 922; x_wconf 80' lang='grc'><strong>12,</strong></span> <span class='ocrx_word' id='word_1_35' title='bbox 796 850 873 906; x_wconf 80' lang='lat'>374:</span> <span class='ocrx_word' id='word_1_36' title='bbox 906 847 969 922; x_wconf 81' lang='lat' dir='ltr'><strong>sed,</strong></span> <span class='ocrx_word' id='word_1_37' title='bbox 994 848 1066 923; x_wconf 87' lang='lat' dir='ltr'><strong>quia</strong></span> <span class='ocrx_word' id='word_1_38' title='bbox 1088 847 1257 906; x_wconf 85' lang='lat' dir='ltr'><strong>intellectui</strong></span> <span class='ocrx_word' id='word_1_39' title='bbox 1279 865 1340 906; x_wconf 89' lang='lat' dir='ltr'><strong>non</strong></span> 
     </span>
     <span class='ocr_line' id='line_1_6' title="bbox 321 933 1338 1012; baseline 0.001 -18"><span class='ocrx_word' id='word_1_40' title='bbox 321 935 443 1010; x_wconf 89' lang='lat' dir='ltr'><strong>obsunt,</strong></span> <span class='ocrx_word' id='word_1_41' title='bbox 470 937 546 994; x_wconf 83' lang='lat' dir='ltr'><strong>nihil</strong></span> <span class='ocrx_word' id='word_1_42' title='bbox 573 936 623 996; x_wconf 87' lang='lat' dir='ltr'><strong>hic</strong></span> <span class='ocrx_word' id='word_1_43' title='bbox 650 936 827 994; x_wconf 86' lang='lat' dir='ltr'><strong>mutandum</strong></span> <span class='ocrx_word' id='word_1_44' title='bbox 855 939 969 1012; x_wconf 85' lang='lat' dir='ltr'><strong>putavi.</strong></span> <span class='ocrx_word' id='word_1_45' title='bbox 1014 938 1077 995; x_wconf 85' lang='lat' dir='ltr'><strong>iam</strong></span> <span class='ocrx_word' id='word_1_46' title='bbox 1103 933 1338 1011; x_wconf 71' lang='grc'><strong>1111111111-</strong></span> 
     </span>
     <span class='ocr_line' id='line_1_7' title="bbox 319 1024 1338 1101; baseline 0.002 -19"><span class='ocrx_word' id='word_1_47' title='bbox 319 1024 398 1083; x_wconf 89' lang='lat' dir='ltr'><strong>ritur</strong></span> <span class='ocrx_word' id='word_1_48' title='bbox 420 1025 568 1101; x_wconf 89' lang='lat' dir='ltr'><strong>quomodo</strong></span> <span class='ocrx_word' id='word_1_49' title='bbox 591 1027 648 1083; x_wconf 86' lang='lat' dir='ltr'><strong>hae</strong></span> <span class='ocrx_word' id='word_1_50' title='bbox 671 1025 863 1085; x_wconf 87' lang='lat' dir='ltr'><strong>difficultates</strong></span> <span class='ocrx_word' id='word_1_51' title='bbox 886 1027 919 1084; x_wconf 90' lang='lat' dir='ltr'><strong>in</strong></span> <span class='ocrx_word' id='word_1_52' title='bbox 941 1027 1091 1085; x_wconf 90' lang='lat' dir='ltr'><strong>lemmatis</strong></span> <span class='ocrx_word' id='word_1_53' title='bbox 1119 1025 1338 1084; x_wconf 77' lang='lat' dir='ltr'><strong>constituendis</strong></span> 
     </span>
     <span class='ocr_line' id='line_1_8' title="bbox 320 1113 1338 1190; baseline -0.002 -17"><span class='ocrx_word' id='word_1_54' title='bbox 320 1118 404 1173; x_wconf 87' lang='lat' dir='ltr'><strong>ortae</strong></span> <span class='ocrx_word' id='word_1_55' title='bbox 427 1116 496 1189; x_wconf 71' lang='lat' dir='ltr'><strong>sint,</strong></span> <span class='ocrx_word' id='word_1_56' title='bbox 520 1115 600 1172; x_wconf 87' lang='lat' dir='ltr'><strong>viam</strong></span> <span class='ocrx_word' id='word_1_57' title='bbox 623 1115 699 1172; x_wconf 92' lang='lat' dir='ltr'><strong>mihi</strong></span> <span class='ocrx_word' id='word_1_58' title='bbox 721 1115 824 1173; x_wconf 87' lang='lat' dir='ltr'><strong>videor</strong></span> <span class='ocrx_word' id='word_1_59' title='bbox 847 1116 996 1174; x_wconf 83' lang='lat' dir='ltr'><strong>invenisse</strong></span> <span class='ocrx_word' id='word_1_60' title='bbox 1024 1133 1084 1190; x_wconf 87' lang='lat' dir='ltr'><strong>qua</strong></span> <span class='ocrx_word' id='word_1_61' title='bbox 1110 1115 1162 1173; x_wconf 88' lang='lat' dir='ltr'><strong>lux</strong></span> <span class='ocrx_word' id='word_1_62' title='bbox 1186 1113 1338 1174; x_wconf 82' lang='lat' dir='ltr'><strong>afferatur.</strong></span> 
     </span>
     <span class='ocr_line' id='line_1_9' title="bbox 319 1202 1339 1278; baseline 0.002 -18"><span class='ocrx_word' id='word_1_63' title='bbox 319 1221 390 1261; x_wconf 90' lang='lat' dir='ltr'><strong>nam</strong></span> <span class='ocrx_word' id='word_1_64' title='bbox 418 1203 548 1262; x_wconf 87' lang='lat' dir='ltr'><strong>defectus</strong></span> <span class='ocrx_word' id='word_1_65' title='bbox 575 1205 608 1262; x_wconf 92' lang='lat' dir='ltr'><strong>in</strong></span> <span class='ocrx_word' id='word_1_66' title='bbox 626 1204 774 1263; x_wconf 87' lang='lat' dir='ltr'><strong>Vaticano</strong></span> <span class='ocrx_word' id='word_1_67' title='bbox 802 1202 935 1278; x_wconf 81' lang='lat' dir='ltr'><strong>quidem,</strong></span> <span class='ocrx_word' id='word_1_68' title='bbox 963 1206 995 1261; x_wconf 92' lang='lat' dir='ltr'><strong>in</strong></span> <span class='ocrx_word' id='word_1_69' title='bbox 1022 1221 1080 1278; x_wconf 90' lang='lat' dir='ltr'><strong>quo</strong></span> <span class='ocrx_word' id='word_1_70' title='bbox 1103 1203 1246 1261; x_wconf 86' lang='lat' dir='ltr'><strong>lemmata</strong></span> <span class='ocrx_word' id='word_1_71' title='bbox 1268 1205 1339 1278; x_wconf 88' lang='lat' dir='ltr'><strong>post</strong></span> 
     </span>
     <span class='ocr_line' id='line_1_10' title="bbox 319 1291 1337 1369; baseline 0.003 -20"><span class='ocrx_word' id='word_1_72' title='bbox 319 1293 597 1366; x_wconf 79' lang='lat' dir='ltr'><strong>interpretationem</strong></span> <span class='ocrx_word' id='word_1_73' title='bbox 625 1293 736 1351; x_wconf 88' lang='lat' dir='ltr'><strong>inserta</strong></span> <span class='ocrx_word' id='word_1_74' title='bbox 765 1311 827 1351; x_wconf 89' lang='lat' dir='ltr'><strong>esse</strong></span> <span class='ocrx_word' id='word_1_75' title='bbox 855 1310 946 1368; x_wconf 87' lang='lat' dir='ltr'><strong>supra</strong></span> <span class='ocrx_word' id='word_1_76' title='bbox 973 1292 1114 1369; x_wconf 78' lang='lat' dir='ltr'><strong>diximus,</strong></span> <span class='ocrx_word' id='word_1_77' title='bbox 1139 1291 1210 1350; x_wconf 88' lang='lat' dir='ltr'><strong>inde</strong></span> <span class='ocrx_word' id='word_1_78' title='bbox 1234 1292 1337 1352; x_wconf 88' lang='lat' dir='ltr'><strong>multis</strong></span> 
     </span>
     <span class='ocr_line' id='line_1_11' title="bbox 319 1380 1337 1459; baseline 0.003 -22"><span class='ocrx_word' id='word_1_79' title='bbox 319 1380 393 1439; x_wconf 88' lang='lat' dir='ltr'><strong>locis</strong></span> <span class='ocrx_word' id='word_1_80' title='bbox 417 1382 559 1456; x_wconf 84' lang='lat' dir='ltr'><strong>explicari</strong></span> <span class='ocrx_word' id='word_1_81' title='bbox 580 1384 681 1459; x_wconf 89' lang='lat' dir='ltr'><strong>potest</strong></span> <span class='ocrx_word' id='word_1_82' title='bbox 705 1382 784 1457; x_wconf 90' lang='lat' dir='ltr'><strong>quod</strong></span> <span class='ocrx_word' id='word_1_83' title='bbox 806 1383 939 1457; x_wconf 85' lang='lat' dir='ltr'><strong>spatium</strong></span> <span class='ocrx_word' id='word_1_84' title='bbox 962 1382 1127 1441; x_wconf 88' lang='lat' dir='ltr'><strong>necessario</strong></span> <span class='ocrx_word' id='word_1_85' title='bbox 1150 1381 1272 1440; x_wconf 86' lang='lat' dir='ltr'><strong>brevius</strong></span> <span class='ocrx_word' id='word_1_86' title='bbox 1292 1401 1337 1440; x_wconf 91' lang='lat' dir='ltr'><strong>re-</strong></span> 
     </span>
     <span class='ocr_line' id='line_1_12' title="bbox 275 1453 1337 1546; baseline 0.001 -19"><span class='ocrx_word' id='word_1_87' title='bbox 275 1453 294 1509; x_wconf 77' lang='lat'><strong>,⁹</strong></span> <span class='ocrx_word' id='word_1_88' title='bbox 320 1469 427 1527; x_wconf 91' lang='lat' dir='ltr'><strong>lictum</strong></span> <span class='ocrx_word' id='word_1_89' title='bbox 450 1474 522 1529; x_wconf 89' lang='lat' dir='ltr'><strong>erat.</strong></span> <span class='ocrx_word' id='word_1_90' title='bbox 564 1473 597 1529; x_wconf 84' lang='lat' dir='ltr'><strong>at</strong></span> <span class='ocrx_word' id='word_1_91' title='bbox 619 1473 651 1529; x_wconf 93' lang='lat' dir='ltr'><strong>in</strong></span> <span class='ocrx_word' id='word_1_92' title='bbox 669 1470 905 1530; x_wconf 86' lang='lat' dir='ltr'><strong>Laurentianum</strong></span> <span class='ocrx_word' id='word_1_93' title='bbox 929 1473 960 1529; x_wconf 90' lang='lat' dir='ltr'><strong>et</strong></span> <span class='ocrx_word' id='word_1_94' title='bbox 977 1471 1175 1546; x_wconf 85' lang='lat' dir='ltr'><strong>Reginensem</strong></span> <span class='ocrx_word' id='word_1_95' title='bbox 1198 1471 1255 1529; x_wconf 89' lang='lat' dir='ltr'><strong>hoc</strong></span> <span class='ocrx_word' id='word_1_96' title='bbox 1277 1488 1337 1528; x_wconf 90' lang='lat' dir='ltr'><strong>non</strong></span> 
     </span>
     <span class='ocr_line' id='line_1_13' title="bbox 319 1558 1336 1634; baseline 0.001 -17"><span class='ocrx_word' id='word_1_97' title='bbox 319 1560 471 1633; x_wconf 82' lang='lat' dir='ltr'><strong>convenit,</strong></span> <span class='ocrx_word' id='word_1_98' title='bbox 499 1577 567 1617; x_wconf 89' lang='lat' dir='ltr'><strong>cum</strong></span> <span class='ocrx_word' id='word_1_99' title='bbox 593 1559 701 1619; x_wconf 90' lang='lat' dir='ltr'><strong>horum</strong></span> <span class='ocrx_word' id='word_1_100' title='bbox 728 1559 843 1618; x_wconf 87' lang='lat' dir='ltr'><strong>librarii</strong></span> <span class='ocrx_word' id='word_1_101' title='bbox 872 1561 1014 1618; x_wconf 88' lang='lat' dir='ltr'><strong>lemmata</strong></span> <span class='ocrx_word' id='word_1_102' title='bbox 1038 1558 1336 1634; x_wconf 69' lang='lat' dir='ltr'><strong>interpretationibus</strong></span> 
     </span>
     <span class='ocr_line' id='line_1_14' title="bbox 319 1647 1336 1725; baseline 0.002 -20"><span class='ocrx_word' id='word_1_103' title='bbox 319 1665 379 1705; x_wconf 87' lang='lat' dir='ltr'><strong>una</strong></span> <span class='ocrx_word' id='word_1_104' title='bbox 408 1648 568 1723; x_wconf 77' lang='lat' dir='ltr'><strong>scriptione</strong></span> <span class='ocrx_word' id='word_1_105' title='bbox 597 1649 836 1708; x_wconf 81' lang='lat' dir='ltr'><strong>continuaverint</strong></span> <span class='ocrx_word' id='word_1_106' title='bbox 890 1651 922 1707; x_wconf 92' lang='lat' dir='ltr'><strong>in</strong></span> <span class='ocrx_word' id='word_1_107' title='bbox 945 1648 991 1708; x_wconf 93' lang='lat' dir='ltr'><strong>his</strong></span> <span class='ocrx_word' id='word_1_108' title='bbox 1015 1667 1085 1725; x_wconf 86' lang='lat' dir='ltr'><strong>ergo</strong></span> <span class='ocrx_word' id='word_1_109' title='bbox 1109 1651 1164 1706; x_wconf 88' lang='lat' dir='ltr'><strong>aut</strong></span> <span class='ocrx_word' id='word_1_110' title='bbox 1187 1667 1264 1723; x_wconf 83' lang='lat' dir='ltr'><strong>quae</strong></span> <span class='ocrx_word' id='word_1_111' title='bbox 1286 1647 1336 1707; x_wconf 78' lang='lat' dir='ltr'><strong>de</strong></span> 
     </span>
     <span class='ocr_line' id='line_1_15' title="bbox 319 1735 1337 1814; baseline 0.001 -21"><span class='ocrx_word' id='word_1_112' title='bbox 319 1735 424 1795; x_wconf 87' lang='lat' dir='ltr'><strong>ficiunt</strong></span> <span class='ocrx_word' id='word_1_113' title='bbox 451 1737 640 1814; x_wconf 83' lang='lat' dir='ltr'><strong>neglegentia</strong></span> <span class='ocrx_word' id='word_1_114' title='bbox 667 1740 776 1798; x_wconf 93' lang='lat' dir='ltr'><strong>omissa</strong></span> <span class='ocrx_word' id='word_1_115' title='bbox 809 1756 871 1796; x_wconf 88' lang='lat' dir='ltr'><strong>esse</strong></span> <span class='ocrx_word' id='word_1_116' title='bbox 905 1741 969 1811; x_wconf 89' lang='lat' dir='ltr'><strong>aut,</strong></span> <span class='ocrx_word' id='word_1_117' title='bbox 1003 1739 1145 1812; x_wconf 90' lang='lat' dir='ltr'><strong>quoniam</strong></span> <span class='ocrx_word' id='word_1_118' title='bbox 1177 1738 1337 1796; x_wconf 88' lang='lat' dir='ltr'><strong>omittendi</strong></span> 
     </span>
     <span class='ocr_line' id='line_1_16' title="bbox 272 1825 1335 1902; baseline 0 -18"><span class='ocrx_word' id='word_1_119' title='bbox 272 1826 274 1832; x_wconf 81' lang='lat'>&#39;</span> <span class='ocrx_word' id='word_1_120' title='bbox 319 1825 427 1884; x_wconf 84' lang='lat' dir='ltr'><strong>vitium</strong></span> <span class='ocrx_word' id='word_1_121' title='bbox 450 1826 483 1883; x_wconf 93' lang='lat' dir='ltr'><strong>in</strong></span> <span class='ocrx_word' id='word_1_122' title='bbox 505 1827 802 1902; x_wconf 76' lang='lat' dir='ltr'><strong>interpretationibus</strong></span> <span class='ocrx_word' id='word_1_123' title='bbox 826 1846 948 1902; x_wconf 87' lang='lat' dir='ltr'><strong>perraro</strong></span> <span class='ocrx_word' id='word_1_124' title='bbox 972 1826 1215 1902; x_wconf 75' lang='lat' dir='ltr'><strong>deprehenditur,</strong></span> <span class='ocrx_word' id='word_1_125' title='bbox 1245 1827 1335 1885; x_wconf 86' lang='lat' dir='ltr'><strong>aliam</strong></span> 
     </span>
     <span class='ocr_line' id='line_1_17' title="bbox 320 1913 1335 1994; baseline 0.001 -21"><span class='ocrx_word' id='word_1_126' title='bbox 320 1913 439 1973; x_wconf 88' lang='lat' dir='ltr'><strong>subesse</strong></span> <span class='ocrx_word' id='word_1_127' title='bbox 463 1932 582 1974; x_wconf 83' lang='lat' dir='ltr'><strong>causam</strong></span> <span class='ocrx_word' id='word_1_128' title='bbox 605 1933 723 1975; x_wconf 86' lang='lat' dir='ltr'><strong>necesse</strong></span> <span class='ocrx_word' id='word_1_129' title='bbox 746 1919 799 1975; x_wconf 89' lang='lat' dir='ltr'><strong>est.</strong></span> <span class='ocrx_word' id='word_1_130' title='bbox 839 1915 910 1990; x_wconf 90' lang='lat' dir='ltr'><strong>quid</strong></span> <span class='ocrx_word' id='word_1_131' title='bbox 929 1913 1019 1994; x_wconf 81' lang='lat' dir='ltr'><strong>ergo?</strong></span> <span class='ocrx_word' id='word_1_132' title='bbox 1042 1915 1154 1974; x_wconf 89' lang='lat' dir='ltr'><strong>iamin</strong></span> <span class='ocrx_word' id='word_1_133' title='bbox 1173 1916 1335 1992; x_wconf 87' lang='lat' dir='ltr'><strong>archetypo</strong></span> 
     </span>
     <span class='ocr_line' id='line_1_18' title="bbox 319 2003 1335 2079; baseline 0.002 -18"><span class='ocrx_word' id='word_1_134' title='bbox 319 2004 416 2062; x_wconf 87' lang='lat' dir='ltr'><strong>multa</strong></span> <span class='ocrx_word' id='word_1_135' title='bbox 442 2003 585 2064; x_wconf 84' lang='lat' dir='ltr'><strong>lemmata</strong></span> <span class='ocrx_word' id='word_1_136' title='bbox 612 2009 667 2063; x_wconf 88' lang='lat' dir='ltr'><strong>aut</strong></span> <span class='ocrx_word' id='word_1_137' title='bbox 694 2007 805 2064; x_wconf 90' lang='lat' dir='ltr'><strong>omissa</strong></span> <span class='ocrx_word' id='word_1_138' title='bbox 833 2008 886 2063; x_wconf 91' lang='lat' dir='ltr'><strong>aut</strong></span> <span class='ocrx_word' id='word_1_139' title='bbox 913 2005 1076 2079; x_wconf 90' lang='lat' dir='ltr'><strong>semiplena</strong></span> <span class='ocrx_word' id='word_1_140' title='bbox 1101 2004 1193 2063; x_wconf 79' lang='lat' dir='ltr'><strong>finisse</strong></span> <span class='ocrx_word' id='word_1_141' title='bbox 1217 2004 1335 2063; x_wconf 88' lang='lat' dir='ltr'><strong>ereden-</strong></span> 
     </span>
     <span class='ocr_line' id='line_1_19' title="bbox 319 2091 1336 2170; baseline 0.002 -21"><span class='ocrx_word' id='word_1_142' title='bbox 319 2091 391 2149; x_wconf 88' lang='lat' dir='ltr'><strong>dum</strong></span> <span class='ocrx_word' id='word_1_143' title='bbox 414 2095 460 2151; x_wconf 90' lang='lat' dir='ltr'><strong>est</strong></span> <span class='ocrx_word' id='word_1_144' title='bbox 482 2094 607 2153; x_wconf 85' lang='lat' dir='ltr'><strong>ethaeo</strong></span> <span class='ocrx_word' id='word_1_145' title='bbox 630 2092 800 2154; x_wconf 80' lang='lat' dir='ltr'><strong>defectuum</strong></span> <span class='ocrx_word' id='word_1_146' title='bbox 826 2093 984 2170; x_wconf 86' lang='lat' dir='ltr'><strong>explicatio</strong></span> <span class='ocrx_word' id='word_1_147' title='bbox 1013 2095 1105 2152; x_wconf 86' lang='lat' dir='ltr'><strong>etiam</strong></span> <span class='ocrx_word' id='word_1_148' title='bbox 1131 2095 1165 2151; x_wconf 91' lang='lat' dir='ltr'><strong>in</strong></span> <span class='ocrx_word' id='word_1_149' title='bbox 1188 2092 1336 2152; x_wconf 83' lang='lat' dir='ltr'><strong>Vaticano</strong></span> 
     </span>
     <span class='ocr_line' id='line_1_20' title="bbox 318 2182 1336 2260; baseline 0.002 -19"><span class='ocrx_word' id='word_1_150' title='bbox 318 2184 431 2257; x_wconf 88' lang='lat' dir='ltr'><strong>passim</strong></span> <span class='ocrx_word' id='word_1_151' title='bbox 459 2182 652 2243; x_wconf 88' lang='lat' dir='ltr'><strong>admittenda.</strong></span> <span class='ocrx_word' id='word_1_152' title='bbox 698 2187 788 2260; x_wconf 89' lang='lat' dir='ltr'><strong>atque</strong></span> <span class='ocrx_word' id='word_1_153' title='bbox 816 2184 1013 2242; x_wconf 86' lang='lat' dir='ltr'><strong>Laurentiani</strong></span> <span class='ocrx_word' id='word_1_154' title='bbox 1040 2184 1160 2258; x_wconf 92' lang='lat' dir='ltr'><strong>quidem</strong></span> <span class='ocrx_word' id='word_1_155' title='bbox 1187 2184 1220 2241; x_wconf 91' lang='lat' dir='ltr'><strong>in</strong></span> <span class='ocrx_word' id='word_1_156' title='bbox 1250 2187 1336 2259; x_wconf 81' lang='lat' dir='ltr'><strong>perte</strong></span> 
     </span>
     <span class='ocr_line' id='line_1_21' title="bbox 318 2272 1337 2348; baseline 0.002 -19"><span class='ocrx_word' id='word_1_157' title='bbox 318 2273 416 2348; x_wconf 88' lang='lat' dir='ltr'><strong>priore</strong></span> <span class='ocrx_word' id='word_1_158' title='bbox 449 2272 689 2348; x_wconf 86' lang='lat' dir='ltr'><strong>compendiorum</strong></span> <span class='ocrx_word' id='word_1_159' title='bbox 721 2275 753 2331; x_wconf 90' lang='lat' dir='ltr'><strong>in</strong></span> <span class='ocrx_word' id='word_1_160' title='bbox 784 2275 935 2333; x_wconf 89' lang='lat' dir='ltr'><strong>lemmatis</strong></span> <span class='ocrx_word' id='word_1_161' title='bbox 965 2292 1025 2332; x_wconf 92' lang='lat' dir='ltr'><strong>non</strong></span> <span class='ocrx_word' id='word_1_162' title='bbox 1053 2273 1160 2331; x_wconf 91' lang='lat' dir='ltr'><strong>desunt</strong></span> <span class='ocrx_word' id='word_1_163' title='bbox 1187 2274 1337 2348; x_wconf 82' lang='lat' dir='ltr'><strong>exempla:</strong></span> 
     </span>
     <span class='ocr_line' id='line_1_22' title="bbox 318 2359 1337 2439; baseline 0.003 -21"><span class='ocrx_word' id='word_1_164' title='bbox 318 2380 388 2419; x_wconf 90' lang='lat' dir='ltr'><strong>nam</strong></span> <span class='ocrx_word' id='word_1_165' title='bbox 414 2364 441 2434; x_wconf 86' lang='lat'><strong>1,</strong></span> <span class='ocrx_word' id='word_1_166' title='bbox 462 2363 502 2420; x_wconf 88' lang='lat'><strong>33</strong></span> <span class='ocrx_word' id='word_1_167' title='bbox 528 2380 581 2437; x_wconf 92' lang='lat' dir='ltr'><strong>pro</strong></span> <span class='ocrx_word' id='word_1_168' title='bbox 604 2363 787 2437; x_wconf 86' lang='lat' dir='ltr'><strong>„Romanam</strong></span> <span class='ocrx_word' id='word_1_169' title='bbox 812 2361 937 2421; x_wconf 87' lang='lat' dir='ltr'><strong>condere</strong></span> <span class='ocrx_word' id='word_1_170' title='bbox 960 2359 1096 2439; x_wconf 85' lang='lat' dir='ltr'><strong>gentem“</strong></span> <span class='ocrx_word' id='word_1_171' title='bbox 1120 2363 1264 2438; x_wconf 87' lang='lat' dir='ltr'><strong>scriptum</strong></span> <span class='ocrx_word' id='word_1_172' title='bbox 1291 2366 1337 2421; x_wconf 88' lang='lat' dir='ltr'><strong>est</strong></span> 
     </span>
     <span class='ocr_line' id='line_1_23' title="bbox 319 2447 1335 2528; baseline -0.001 -18"><span class='ocrx_word' id='word_1_173' title='bbox 319 2447 409 2525; x_wconf 56' lang='lat' dir='ltr'><strong>„ffi‘c</strong></span> <span class='ocrx_word' id='word_1_174' title='bbox 427 2448 478 2528; x_wconf 45' lang='grc' dir='ltr'><strong>ξι,</strong></span> <span class='ocrx_word' id='word_1_175' title='bbox 513 2454 540 2525; x_wconf 86' lang='grc'><strong>1,</strong></span> <span class='ocrx_word' id='word_1_176' title='bbox 560 2452 600 2509; x_wconf 88' lang='grc'><strong>66</strong></span> <span class='ocrx_word' id='word_1_177' title='bbox 631 2450 753 2524; x_wconf 63' lang='grc' dir='ltr'><strong>,111ι</strong></span> <span class='ocrx_word' id='word_1_178' title='bbox 781 2469 836 2527; x_wconf 92' lang='lat' dir='ltr'><strong>pro</strong></span> <span class='ocrx_word' id='word_1_179' title='bbox 864 2451 992 2524; x_wconf 74' lang='lat' dir='ltr'><strong>„fluens</strong></span> <span class='ocrx_word' id='word_1_180' title='bbox 1020 2454 1050 2508; x_wconf 87' lang='lat' dir='ltr'><strong>et</strong></span> <span class='ocrx_word' id='word_1_181' title='bbox 1077 2447 1213 2524; x_wconf 86' lang='lat' dir='ltr'><strong>tollere“,</strong></span> <span class='ocrx_word' id='word_1_182' title='bbox 1245 2454 1273 2524; x_wconf 88' lang='lat'><strong>1,</strong></span> <span class='ocrx_word' id='word_1_183' title='bbox 1294 2452 1335 2509; x_wconf 84' lang='lat'><strong>75</strong></span> 
     </span>
     <span class='ocr_line' id='line_1_24' title="bbox 319 2538 1336 2616; baseline 0.001 -19"><span class='ocrx_word' id='word_1_184' title='bbox 319 2540 420 2615; x_wconf 86' lang='lat' dir='ltr'><strong>„prole</strong></span> <span class='ocrx_word' id='word_1_185' title='bbox 438 2538 476 2615; x_wconf 82' lang='lat' dir='ltr'><strong>p“</strong></span> <span class='ocrx_word' id='word_1_186' title='bbox 495 2558 550 2616; x_wconf 91' lang='lat' dir='ltr'><strong>pro</strong></span> <span class='ocrx_word' id='word_1_187' title='bbox 569 2541 669 2615; x_wconf 80' lang='lat' dir='ltr'><strong>„prole</strong></span> <span class='ocrx_word' id='word_1_188' title='bbox 693 2538 868 2616; x_wconf 85' lang='lat' dir='ltr'><strong>parentum“</strong></span> <span class='ocrx_word' id='word_1_189' title='bbox 888 2539 1007 2614; x_wconf 89' lang='lat' dir='ltr'><strong>aliaque</strong></span> <span class='ocrx_word' id='word_1_190' title='bbox 1030 2540 1141 2599; x_wconf 87' lang='lat' dir='ltr'><strong>similia</strong></span> <span class='ocrx_word' id='word_1_191' title='bbox 1168 2544 1195 2613; x_wconf 85' lang='lat'><strong>1,</strong></span> <span class='ocrx_word' id='word_1_192' title='bbox 1211 2541 1263 2598; x_wconf 89' lang='grc'><strong>91.</strong></span> <span class='ocrx_word' id='word_1_193' title='bbox 1284 2541 1336 2598; x_wconf 86' lang='grc'><strong>95.</strong></span> 
     </span>
     <span class='ocr_line' id='line_1_25' title="bbox 322 2628 1338 2706; baseline 0.001 -19"><span class='ocrx_word' id='word_1_194' title='bbox 322 2630 393 2687; x_wconf 81' lang='lat'>105.</span> <span class='ocrx_word' id='word_1_195' title='bbox 421 2630 491 2687; x_wconf 83' lang='lat'>107.</span> <span class='ocrx_word' id='word_1_196' title='bbox 519 2632 590 2688; x_wconf 91' lang='lat'>111.</span> <span class='ocrx_word' id='word_1_197' title='bbox 615 2630 688 2706; x_wconf 81' lang='lat'>208,</span> <span class='ocrx_word' id='word_1_198' title='bbox 708 2648 784 2704; x_wconf 88' lang='lat' dir='ltr'><strong>quae</strong></span> <span class='ocrx_word' id='word_1_199' title='bbox 804 2628 968 2688; x_wconf 88' lang='lat' dir='ltr'><strong>describere</strong></span> <span class='ocrx_word' id='word_1_200' title='bbox 986 2629 1110 2705; x_wconf 85' lang='lat' dir='ltr'><strong>longum</strong></span> <span class='ocrx_word' id='word_1_201' title='bbox 1129 2630 1182 2688; x_wconf 87' lang='lat' dir='ltr'><strong>est.</strong></span> <span class='ocrx_word' id='word_1_202' title='bbox 1220 2629 1338 2688; x_wconf 89' lang='lat' dir='ltr'><strong>accedit</strong></span> 
     </span>
     <span class='ocr_line' id='line_1_26' title="bbox 319 2715 1339 2794; baseline 0.003 -20"><span class='ocrx_word' id='word_1_203' title='bbox 319 2716 399 2792; x_wconf 91' lang='lat' dir='ltr'><strong>quod</strong></span> <span class='ocrx_word' id='word_1_204' title='bbox 425 2718 504 2776; x_wconf 93' lang='lat' dir='ltr'><strong>idem</strong></span> <span class='ocrx_word' id='word_1_205' title='bbox 531 2718 672 2777; x_wconf 88' lang='lat' dir='ltr'><strong>librarius</strong></span> <span class='ocrx_word' id='word_1_206' title='bbox 702 2722 730 2792; x_wconf 93' lang='lat'><strong>1,</strong></span> <span class='ocrx_word' id='word_1_207' title='bbox 750 2719 789 2777; x_wconf 89' lang='grc'><strong>81</strong></span> <span class='ocrx_word' id='word_1_208' title='bbox 822 2721 891 2794; x_wconf 92' lang='lat' dir='ltr'><strong>post</strong></span> <span class='ocrx_word' id='word_1_209' title='bbox 918 2718 1008 2792; x_wconf 87' lang='lat' dir='ltr'><strong>„haec</strong></span> <span class='ocrx_word' id='word_1_210' title='bbox 1035 2718 1087 2776; x_wconf 89' lang='lat' dir='ltr'><strong>ubi</strong></span> <span class='ocrx_word' id='word_1_211' title='bbox 1114 2715 1213 2777; x_wconf 87' lang='lat' dir='ltr'><strong>dieta“</strong></span> <span class='ocrx_word' id='word_1_212' title='bbox 1242 2718 1339 2777; x_wconf 88' lang='lat' dir='ltr'><strong>adicit</strong></span> 
     </span>
     <span class='ocr_line' id='line_1_27' title="bbox 319 2805 1338 2883; baseline 0.002 -19"><span class='ocrx_word' id='word_1_213' title='bbox 319 2808 368 2881; x_wconf 89' lang='lat' dir='ltr'><strong>„et</strong></span> <span class='ocrx_word' id='word_1_214' title='bbox 391 2809 490 2864; x_wconf 86' lang='lat' dir='ltr'><strong>cetera</strong></span> <span class='ocrx_word' id='word_1_215' title='bbox 514 2825 591 2882; x_wconf 89' lang='lat' dir='ltr'><strong>quae</strong></span> <span class='ocrx_word' id='word_1_216' title='bbox 613 2805 805 2882; x_wconf 80' lang='lat' dir='ltr'><strong>sequuntur“,</strong></span> <span class='ocrx_word' id='word_1_217' title='bbox 826 2808 942 2883; x_wconf 87' lang='lat'>1,100.</span> <span class='ocrx_word' id='word_1_218' title='bbox 963 2808 1035 2865; x_wconf 88' lang='lat'>118.</span> <span class='ocrx_word' id='word_1_219' title='bbox 1058 2808 1129 2865; x_wconf 88' lang='grc'><strong>191.</strong></span> <span class='ocrx_word' id='word_1_220' title='bbox 1151 2808 1212 2864; x_wconf 78' lang='grc'><strong>207</strong></span> <span class='ocrx_word' id='word_1_221' title='bbox 1233 2810 1338 2866; x_wconf 87' lang='lat' dir='ltr'><strong>autem</strong></span> 
     </span>
     <span class='ocr_line' id='line_1_28' title="bbox 320 2894 1338 2971; baseline 0.003 -18"><span class='ocrx_word' id='word_1_222' title='bbox 320 2895 447 2971; x_wconf 88' lang='lat' dir='ltr'><strong>abrupto</strong></span> <span class='ocrx_word' id='word_1_223' title='bbox 470 2897 605 2954; x_wconf 87' lang='lat' dir='ltr'><strong>lemmati</strong></span> <span class='ocrx_word' id='word_1_224' title='bbox 627 2896 719 2954; x_wconf 88' lang='lat' dir='ltr'><strong>verba</strong></span> <span class='ocrx_word' id='word_1_225' title='bbox 742 2899 874 2956; x_wconf 83' lang='lat' dir='ltr'><strong>extrema</strong></span> <span class='ocrx_word' id='word_1_226' title='bbox 897 2915 964 2954; x_wconf 90' lang='lat' dir='ltr'><strong>cum</strong></span> <span class='ocrx_word' id='word_1_227' title='bbox 983 2894 1111 2971; x_wconf 72' lang='grc' dir='ltr'><strong>,11111ιι</strong></span> <span class='ocrx_word' id='word_1_228' title='bbox 1130 2894 1223 2954; x_wconf 90' lang='lat' dir='ltr'><strong>addit.</strong></span> <span class='ocrx_word' id='word_1_229' title='bbox 1261 2896 1338 2956; x_wconf 84' lang='lat' dir='ltr'><strong>haec</strong></span> 
     </span>
     <span class='ocr_line' id='line_1_29' title="bbox 319 2984 1337 3060; baseline 0.005 -19"><span class='ocrx_word' id='word_1_230' title='bbox 319 2984 385 3056; x_wconf 87' lang='lat' dir='ltr'><strong>ille,</strong></span> <span class='ocrx_word' id='word_1_231' title='bbox 413 2986 465 3060; x_wconf 89' lang='lat' dir='ltr'><strong>qui</strong></span> <span class='ocrx_word' id='word_1_232' title='bbox 493 3005 528 3043; x_wconf 85' lang='lat' dir='ltr'><strong>ex</strong></span> <span class='ocrx_word' id='word_1_233' title='bbox 556 2988 699 3060; x_wconf 89' lang='lat' dir='ltr'><strong>quattuor</strong></span> <span class='ocrx_word' id='word_1_234' title='bbox 725 3004 792 3045; x_wconf 88' lang='lat' dir='ltr'><strong>oum</strong></span> <span class='ocrx_word' id='word_1_235' title='bbox 821 2985 929 3060; x_wconf 90' lang='lat' dir='ltr'><strong>quibus</strong></span> <span class='ocrx_word' id='word_1_236' title='bbox 954 3004 1001 3045; x_wconf 90' lang='lat' dir='ltr'><strong>res</strong></span> <span class='ocrx_word' id='word_1_237' title='bbox 1023 2984 1109 3044; x_wconf 91' lang='lat' dir='ltr'><strong>nobis</strong></span> <span class='ocrx_word' id='word_1_238' title='bbox 1134 2985 1179 3043; x_wconf 87' lang='lat' dir='ltr'><strong>est</strong></span> <span class='ocrx_word' id='word_1_239' title='bbox 1201 2985 1337 3046; x_wconf 88' lang='lat' dir='ltr'><strong>librariis</strong></span> 
     </span>
     <span class='ocr_line' id='line_1_30' title="bbox 318 3072 1338 3151; baseline 0.002 -19"><span class='ocrx_word' id='word_1_240' title='bbox 318 3074 406 3149; x_wconf 80' lang='lat' dir='ltr'><strong>longe</strong></span> <span class='ocrx_word' id='word_1_241' title='bbox 434 3072 679 3151; x_wconf 86' lang='lat' dir='ltr'><strong>diligentissimus</strong></span> <span class='ocrx_word' id='word_1_242' title='bbox 706 3076 868 3151; x_wconf 89' lang='lat' dir='ltr'><strong>reperitur,</strong></span> <span class='ocrx_word' id='word_1_243' title='bbox 894 3075 1029 3150; x_wconf 87' lang='lat' dir='ltr'><strong>profecto</strong></span> <span class='ocrx_word' id='word_1_244' title='bbox 1052 3092 1111 3132; x_wconf 93' lang='lat' dir='ltr'><strong>non</strong></span> <span class='ocrx_word' id='word_1_245' title='bbox 1134 3090 1224 3133; x_wconf 87' lang='lat' dir='ltr'><strong>ausus</strong></span> <span class='ocrx_word' id='word_1_246' title='bbox 1247 3078 1338 3149; x_wconf 91' lang='lat' dir='ltr'><strong>esset,</strong></span> 
     </span>
     <span class='ocr_line' id='line_1_31' title="bbox 318 3161 1338 3241; baseline 0.004 -22"><span class='ocrx_word' id='word_1_247' title='bbox 318 3164 378 3222; x_wconf 88' lang='lat' dir='ltr'><strong>nisi</strong></span> <span class='ocrx_word' id='word_1_248' title='bbox 400 3164 432 3220; x_wconf 91' lang='lat' dir='ltr'><strong>in</strong></span> <span class='ocrx_word' id='word_1_249' title='bbox 455 3164 617 3239; x_wconf 86' lang='lat' dir='ltr'><strong>archetypo</strong></span> <span class='ocrx_word' id='word_1_250' title='bbox 640 3166 705 3241; x_wconf 90' lang='lat' dir='ltr'><strong>ipso</strong></span> <span class='ocrx_word' id='word_1_251' title='bbox 734 3165 918 3223; x_wconf 82' lang='lat' dir='ltr'><strong>occasionem</strong></span> <span class='ocrx_word' id='word_1_252' title='bbox 945 3164 1120 3236; x_wconf 83' lang='lat' dir='ltr'><strong>invenisset,</strong></span> <span class='ocrx_word' id='word_1_253' title='bbox 1148 3161 1237 3237; x_wconf 90' lang='lat' dir='ltr'><strong>idque</strong></span> <span class='ocrx_word' id='word_1_254' title='bbox 1265 3163 1338 3223; x_wconf 89' lang='lat' dir='ltr'><strong>inde</strong></span> 
     </span>
     <span class='ocr_line' id='line_1_32' title="bbox 318 3250 1338 3328; baseline 0.004 -18"><span class='ocrx_word' id='word_1_255' title='bbox 318 3250 511 3310; x_wconf 87' lang='lat' dir='ltr'><strong>confirmatur</strong></span> <span class='ocrx_word' id='word_1_256' title='bbox 538 3252 618 3328; x_wconf 89' lang='lat' dir='ltr'><strong>quod</strong></span> <span class='ocrx_word' id='word_1_257' title='bbox 645 3253 782 3312; x_wconf 90' lang='lat' dir='ltr'><strong>omnibus</strong></span> <span class='ocrx_word' id='word_1_258' title='bbox 808 3253 855 3311; x_wconf 89' lang='lat' dir='ltr'><strong>his</strong></span> <span class='ocrx_word' id='word_1_259' title='bbox 882 3253 955 3312; x_wconf 87' lang='lat' dir='ltr'><strong>locis</strong></span> <span class='ocrx_word' id='word_1_260' title='bbox 978 3252 1005 3310; x_wconf 86' lang='lat' dir='ltr'><strong>R</strong></span> <span class='ocrx_word' id='word_1_261' title='bbox 1028 3251 1130 3311; x_wconf 89' lang='lat' dir='ltr'><strong>eadem</strong></span> <span class='ocrx_word' id='word_1_262' title='bbox 1158 3252 1338 3325; x_wconf 81' lang='lat' dir='ltr'><strong>compendia</strong></span> 
     </span>
     <span class='ocr_line' id='line_1_33' title="bbox 318 3339 1337 3419; baseline 0.001 -21"><span class='ocrx_word' id='word_1_263' title='bbox 318 3339 417 3399; x_wconf 86' lang='lat' dir='ltr'><strong>habet.</strong></span> <span class='ocrx_word' id='word_1_264' title='bbox 463 3341 566 3400; x_wconf 87' lang='lat' dir='ltr'><strong>eadem</strong></span> <span class='ocrx_word' id='word_1_265' title='bbox 587 3360 676 3417; x_wconf 86' lang='lat' dir='ltr'><strong>porro</strong></span> <span class='ocrx_word' id='word_1_266' title='bbox 700 3344 750 3400; x_wconf 85' lang='lat' dir='ltr'><strong>via</strong></span> <span class='ocrx_word' id='word_1_267' title='bbox 772 3341 973 3419; x_wconf 87' lang='lat' dir='ltr'><strong>regredientes</strong></span> <span class='ocrx_word' id='word_1_268' title='bbox 997 3341 1036 3399; x_wconf 91' lang='lat' dir='ltr'><strong>ad</strong></span> <span class='ocrx_word' id='word_1_269' title='bbox 1058 3342 1212 3400; x_wconf 87' lang='lat' dir='ltr'><strong>Donatum</strong></span> <span class='ocrx_word' id='word_1_270' title='bbox 1233 3342 1337 3415; x_wconf 87' lang='lat' dir='ltr'><strong>ipsum</strong></span> 
     </span>
     <span class='ocr_line' id='line_1_34' title="bbox 319 3427 1337 3507; baseline 0.002 -20"><span class='ocrx_word' id='word_1_271' title='bbox 319 3427 505 3504; x_wconf 82' lang='lat' dir='ltr'><strong>devenimus,</strong></span> <span class='ocrx_word' id='word_1_272' title='bbox 537 3449 625 3505; x_wconf 91' lang='lat' dir='ltr'><strong>quem</strong></span> <span class='ocrx_word' id='word_1_273' title='bbox 657 3450 693 3488; x_wconf 93' lang='lat' dir='ltr'><strong>ne</strong></span> <span class='ocrx_word' id='word_1_274' title='bbox 727 3432 792 3507; x_wconf 91' lang='lat' dir='ltr'><strong>quis</strong></span> <span class='ocrx_word' id='word_1_275' title='bbox 825 3430 901 3490; x_wconf 88' lang='lat' dir='ltr'><strong>forte</strong></span> <span class='ocrx_word' id='word_1_276' title='bbox 929 3430 1015 3490; x_wconf 86' lang='lat' dir='ltr'><strong>nulla</strong></span> <span class='ocrx_word' id='word_1_277' title='bbox 1043 3432 1163 3490; x_wconf 90' lang='lat' dir='ltr'><strong>omnino</strong></span> <span class='ocrx_word' id='word_1_278' title='bbox 1191 3430 1337 3489; x_wconf 86' lang='lat' dir='ltr'><strong>lemmata</strong></span> 
     </span>
     <span class='ocr_line' id='line_1_35' title="bbox 319 3518 1337 3597; baseline -0.001 -19"><span class='ocrx_word' id='word_1_279' title='bbox 319 3518 471 3594; x_wconf 85' lang='lat' dir='ltr'><strong>scripsisse</strong></span> <span class='ocrx_word' id='word_1_280' title='bbox 499 3521 665 3597; x_wconf 87' lang='lat' dir='ltr'><strong>suspicetur</strong></span> <span class='ocrx_word' id='word_1_281' title='bbox 692 3521 740 3578; x_wconf 86' lang='lat' dir='ltr'><strong>vel</strong></span> <span class='ocrx_word' id='word_1_282' title='bbox 768 3520 800 3579; x_wconf 91' lang='lat' dir='ltr'><strong>id</strong></span> <span class='ocrx_word' id='word_1_283' title='bbox 828 3520 928 3580; x_wconf 88' lang='lat' dir='ltr'><strong>obstat</strong></span> <span class='ocrx_word' id='word_1_284' title='bbox 956 3519 1036 3596; x_wconf 88' lang='lat' dir='ltr'><strong>quod</strong></span> <span class='ocrx_word' id='word_1_285' title='bbox 1060 3538 1096 3579; x_wconf 91' lang='lat' dir='ltr'><strong>ea</strong></span> <span class='ocrx_word' id='word_1_286' title='bbox 1118 3537 1206 3594; x_wconf 81' lang='lat' dir='ltr'><strong>saepe</strong></span> <span class='ocrx_word' id='word_1_287' title='bbox 1229 3518 1337 3577; x_wconf 85' lang='lat' dir='ltr'><strong>verbo·</strong></span> 
     </span>
     <span class='ocr_line' id='line_1_36' title="bbox 317 3606 1336 3687; baseline -0.001 -20"><span class='ocrx_word' id='word_1_288' title='bbox 317 3627 385 3667; x_wconf 88' lang='lat' dir='ltr'><strong>rum</strong></span> <span class='ocrx_word' id='word_1_289' title='bbox 408 3611 559 3669; x_wconf 84' lang='lat' dir='ltr'><strong>structura</strong></span> <span class='ocrx_word' id='word_1_290' title='bbox 582 3627 648 3667; x_wconf 88' lang='lat' dir='ltr'><strong>cum</strong></span> <span class='ocrx_word' id='word_1_291' title='bbox 671 3608 918 3687; x_wconf 84' lang='lat' dir='ltr'><strong>interpretatione</strong></span> <span class='ocrx_word' id='word_1_292' title='bbox 937 3628 992 3669; x_wconf 89' lang='lat' dir='ltr'><strong>sua</strong></span> <span class='ocrx_word' id='word_1_293' title='bbox 1010 3606 1141 3667; x_wconf 81' lang='lat' dir='ltr'><strong>contexit</strong></span> <span class='ocrx_word' id='word_1_294' title='bbox 1159 3608 1194 3666; x_wconf 82' lang='lat' dir='ltr'><strong>of.</strong></span> <span class='ocrx_word' id='word_1_295' title='bbox 1215 3612 1243 3680; x_wconf 87' lang='lat'><strong>1,</strong></span> <span class='ocrx_word' id='word_1_296' title='bbox 1260 3609 1336 3666; x_wconf 80' lang='lat'><strong>329.</strong></span> 
     </span>
     <span class='ocr_line' id='line_1_37' title="bbox 316 3695 1337 3777; baseline 0.004 -24"><span class='ocrx_word' id='word_1_297' title='bbox 316 3698 438 3769; x_wconf 60' lang='lat' dir='ltr'><strong>Mb&amp;</strong></span> <span class='ocrx_word' id='word_1_298' title='bbox 468 3699 496 3773; x_wconf 81' lang='lat'><strong>5,</strong></span> <span class='ocrx_word' id='word_1_299' title='bbox 518 3699 591 3757; x_wconf 79' lang='lat'><strong>854.</strong></span> <span class='ocrx_word' id='word_1_300' title='bbox 623 3701 649 3773; x_wconf 84' lang='lat'><strong>7,</strong></span> <span class='ocrx_word' id='word_1_301' title='bbox 672 3698 721 3755; x_wconf 89' lang='grc'><strong>68.</strong></span> <span class='ocrx_word' id='word_1_302' title='bbox 751 3698 874 3773; x_wconf 87' lang='grc'><strong>8,166.</strong></span> <span class='ocrx_word' id='word_1_303' title='bbox 904 3702 955 3777; x_wconf 88' lang='grc'><strong>11,</strong></span> <span class='ocrx_word' id='word_1_304' title='bbox 974 3698 1037 3756; x_wconf 85' lang='grc'><strong>615</strong></span> <span class='ocrx_word' id='word_1_305' title='bbox 1067 3714 1160 3772; x_wconf 88' lang='lat' dir='ltr'><strong>eaque</strong></span> <span class='ocrx_word' id='word_1_306' title='bbox 1183 3695 1219 3754; x_wconf 90' lang='lat' dir='ltr'><strong>de</strong></span> <span class='ocrx_word' id='word_1_307' title='bbox 1242 3714 1337 3757; x_wconf 83' lang='lat' dir='ltr'><strong>causa</strong></span> 
     </span>
     <span class='ocr_line' id='line_1_38' title="bbox 289 3783 1342 3865; baseline -0.012 -11"><span class='ocrx_word' id='word_1_308' title='bbox 289 3783 464 3853; x_wconf 60' lang='lat' dir='ltr'><strong>‘liquando</strong></span> <span class='ocrx_word' id='word_1_309' title='bbox 487 3791 546 3847; x_wconf 83' lang='lat' dir='ltr'><strong>eut</strong></span> <span class='ocrx_word' id='word_1_310' title='bbox 565 3788 736 3865; x_wconf 84' lang='lat' dir='ltr'><strong>paululum</strong></span> <span class='ocrx_word' id='word_1_311' title='bbox 758 3791 863 3849; x_wconf 89' lang='lat' dir='ltr'><strong>mutat</strong></span> <span class='ocrx_word' id='word_1_312' title='bbox 888 3788 925 3847; x_wconf 85' lang='lat' dir='ltr'><strong>ol.</strong></span> <span class='ocrx_word' id='word_1_313' title='bbox 948 3789 982 3863; x_wconf 69' lang='grc'><strong>3,</strong></span> <span class='ocrx_word' id='word_1_314' title='bbox 998 3788 1053 3847; x_wconf 69' lang='lat' dir='ltr'><strong>bb.</strong></span> <span class='ocrx_word' id='word_1_315' title='bbox 1076 3786 1199 3859; x_wconf 65' lang='grc'><strong>1,·661.</strong></span> <span class='ocrx_word' id='word_1_316' title='bbox 1218 3786 1342 3856; x_wconf 48' lang='grc'><strong>111111.</strong></span> 
     </span>
    </p>
   </div>
   <div class='ocr_carea' id='block_1_3' title="bbox 0 0 1630 4350">
    <p class='ocr_par' dir='ltr' id='par_1_3' title="bbox 0 0 1630 4350">
     <span class='ocr_line' id='line_1_39' title="bbox 0 0 1630 4350; baseline 0 0"><span class='ocrx_word' id='word_1_317' title='bbox 0 0 1630 4350; x_wconf 95' lang='lat' dir='ltr'><strong> </strong></span> 
     </span>
    </p>
   </div>
  </div>
 </body>
</html>
