3250 4350
703 413 886 468 anuntoos
904 413 944 468 111
1269 416 1333 482 351

319 583 480 644 Camerina
501 585 609 658 proca
635 586 787 657 campique
816 581 901 643 Geloi
930 585 1116 658 mamaeae
1145 583 1220 644 Geta
1251 588 1337 660 troii

316 675 486 748 eopamaiae
509 674 602 734 dieta:
629 691 695 733 eooe
719 676 749 731 et
773 670 847 731 Gela
870 692 890 732 a
910 672 1003 732 fluvio
1027 691 1189 750 cognomen
1212 675 1335 751 aceepit.

317 763 433 822 arduas
456 763 525 821 bade
546 760 686 838 Aprapas
709 765 833 821 ostentat
853 764 986 821 mammea
1008 764 1091 838 imme
1112 766 1242 823 moenia:
1266 765 1336 823 inde

317 853 452 909 ostentat
481 851 600 929 longius
632 853 765 925 moenia,
798 852 869 926 quia
904 852 1036 911 excelsus
1068 853 1114 911 est
1145 870 1230 911 mons
1262 854 1335 928 ipse.

288 942 543 1012 omapaam'mam
565 942 722 1014 quomdam,
747 941 803 1000 hoo
826 942 872 1000 est
894 941 1162 1019 magnanimorum,
1182 946 1337 1016 perseeutor

316 1046 467 1102 equorum,
484 1033 565 1103 teque
587 1030 665 1090 datis
688 1031 789 1103 imeae
811 1031 914 1098 beatis,
931 1029 1071 1104 pabrwsa
1092 1029 1224 1090 Salmas:
1247 1031 1327 1105 quod
1337 1041 1389 1090 '105

316 1118 434 1194 palmas
462 1119 664 1193 copiosissime
692 1121 827 1196 generet,
854 1118 936 1178 diota
963 1122 993 1178 et
1019 1119 1163 1195 palmosa.
1209 1123 1236 1178 et
1256 1119 1336 1178 aada

316 1208 396 1266 dara
429 1207 489 1282 iepo
515 1209 597 1267 samis
624 1208 763 1281 Lilybeia
791 1210 898 1267 eaesis:
934 1225 1006 1267 saxa
1038 1226 1126 1267 eaeoa
1157 1211 1227 1268 sunt
1259 1227 1336 1284 quae

316 1296 434 1355 nautici
465 1295 568 1355 dieunt
600 1295 801 1372 subaquanea.
847 1297 921 1356 haee
947 1297 1036 1356 faoile
1066 1297 1219 1374 desipiunt
1250 1299 1335 1356 navi-

275 1385 432 1463 rogantis,
461 1387 616 1460 quoniam,
644 1386 715 1444 dum
742 1387 775 1445 in
803 1386 920 1446 oeoulto
948 1389 1018 1446 sunt
1045 1389 1075 1446 et
1103 1405 1163 1444 non
1195 1386 1334 1462 eminent,

315 1493 378 1532 non
400 1474 549 1533 videntur.
587 1476 686 1534 omnia
709 1477 770 1535 ista
791 1477 915 1535 nomina
937 1476 1075 1551 fontium,
1097 1476 1240 1550 looorum,
1263 1476 1335 1535 oiri·

316 1565 429 1637 tatum,
460 1565 621 1638 montium,
653 1565 820 1624 insularum
851 1564 962 1623 ideireo
994 1566 1109 1640 posuit,
1140 1568 1176 1623 ut
1202 1564 1241 1623 ad
1268 1583 1335 1625 eam

315 1651 465 1728 paulatim
488 1653 603 1725 veniret
625 1653 763 1728 insulam,
781 1654 813 1710 in
838 1665 900 1728 qua¹
919 1653 1052 1729 perdidit
1073 1656 1199 1728 patrem,
1217 1657 1252 1713 ut
1271 1656 1334 1714 eius

317 1759 436 1816 quoque
461 1759 562 1800 rasum
584 1744 733 1817 potuisset
756 1760 910 1817 exponere.

274 1851 301 1893 u
383 1830 466 1889 Hibra
491 1831 629 1904 Drepaai
659 1850 705 1891 me
731 1836 838 1905 portas
870 1835 897 1890 et
925 1831 1105 1890 inlaetabilis
1134 1849 1189 1890 ora
1215 1835 1335 1906 accipit:

316 1920 462 1994 expressit
485 1920 606 1994 plenam
628 1921 847 1995 moralitatem,
878 1939 949 1979 nam
972 1919 997 1979 si
1022 1919 1140 1994 quando
1164 1921 1266 1996 aliqua
1288 1923 1334 1978 in·

314 2009 450 2067 fortunia
478 2009 617 2067 accidunt
644 2010 693 2068 vel
719 2010 831 2085 laetus,
859 2009 932 2068 haec
958 2008 990 2066 in
1018 2009 1119 2068 dolore
1146 2010 1239 2085 positi
1261 2029 1333 2069 non-

314 2115 481 2171 numquam
504 2097 578 2158 loeis
602 2098 807 2172 adscribimus,
828 2100 915 2174 quasi
932 2097 1018 2157 nobis
1038 2098 1152 2174 aliquid
1170 2098 1335 2158 indixerint

314 2187 364 2246 vel
395 2186 530 2264 infligere
561 2190 723 2264 potuerint.
773 2187 890 2248 Aeneas
921 2188 1016 2265 igitur
1044 2188 1250 2265 Drepanitano
1282 2190 1333 2250 ad-

274 2297 301 2337 so
314 2277 412 2352 plicat
442 2276 507 2335 loeo
542 2277 622 2351 quod
653 2277 802 2336 acciderat
833 2278 964 2337 fatorum
995 2280 1120 2337 ratione.
1165 2280 1212 2338 bie
1232 2279 1334 2354 petapi

317 2370 358 2423 tat
379 2368 594 2439 tempestatibus
617 2369 690 2425 artis
712 2368 768 2426 bea
788 2369 955 2441 pmitorem,
974 2369 1068 2426 mnam
1087 2386 1175 2426 rarae
1193 2384 1334 2441 easasqae
1385 2428 1388 2436 ,

316 2456 462 2523 terraram,
490 2457 590 2514 amitto
617 2453 779 2524 Ambisea,
806 2457 853 2515 bie
879 2474 937 2525 me,
958 2460 1047 2530 pater
1069 2459 1187 2529 optime,
1213 2458 1324 2530 fessam
1335 2465 1386 2513 710

316 2544 443 2602 deseris:
474 2543 603 2602 addebat
632 2545 734 2603 amissi
760 2545 857 2620 patris
884 2545 1017 2605 dolorem
1045 2546 1136 2603 etiam
1163 2544 1242 2604 ratio
1265 2545 1332 2616 looi,

317 2651 408 2708 quem
434 2633 535 2707 ipsum
563 2632 716 2708 duplicato
750 2633 890 2693 adverbio
922 2633 1076 2709 patefecit,
1114 2633 1191 2691 dixit
1223 2636 1333 2710 quippe

276 2742 301 2782 aa
315 2724 433 2797 patrem
462 2740 548 2780 suum
576 2722 688 2797 perisse
716 2722 749 2779 in
776 2727 879 2797 portu,
908 2724 961 2798 qui
983 2725 1030 2781 tot
1053 2722 1108 2780 alti
1130 2724 1222 2781 maris
1246 2740 1332 2783 casus

316 2813 345 2869 et
368 2809 502 2886 periente
526 2813 677 2871 evasisset.
724 2829 778 2870 nee
799 2814 901 2870 tamen
924 2814 1076 2870 mortuum
1099 2810 1182 2885 dixit,
1209 2811 1260 2870 sed
1283 2812 1331 2870 de-

314 2900 442 2958 seruisse
474 2898 585 2974 filium3
622 2904 736 2959 veteres
774 2902 854 2958 enim
890 2902 1065 2975 praecipuos
1103 2919 1236 2976 quosque
1272 2921 1331 2959 non

313 2991 457 3061 mortuos,
480 2988 532 3047 sed
554 3008 608 3064 per
631 2990 896 3049 commutationem
919 2991 1052 3049 looorum
1071 2990 1234 3049 translatos
1254 2990 1331 3049 arbi-

313 3076 481 3135 trabantur.
527 3079 583 3137 bea
610 3081 700 3137 taretis
726 3081 920 3152 aequieqaam
947 3083 1039 3151 erepte
1061 3080 1199 3151 perietis.-
1228 3083 1331 3139 tantus

386 3305 402 3354 5
421 3317 524 3370 aiaaaa
542 3302 698 3355 arietariam
716 3300 743 3354 It
765 3318 834 3356 corr.
853 3319 874 3355 r.
973 3307 989 3355 6
1007 3302 1118 3371 sebiays
1134 3301 1157 3354 L
1179 3304 1289 3373 sebyais
1306 3303 1331 3354 R

312 3373 415 3440 setiays
433 3389 455 3424 r.
519 3376 610 3442 8qaa
628 3372 654 3426 li
672 3389 742 3441 qaae
760 3390 782 3427 r.
852 3379 885 3426 12
904 3379 930 3427 et
947 3374 1104 3428 tamarem
1122 3373 1165 3427 ed.
1235 3379 1268 3427 13
1287 3375 1330 3427 ia·

279 3464 283 3472 ·
312 3444 404 3497 eatam
427 3441 480 3496 nli
503 3443 559 3497 ed:
592 3459 628 3497 ne
650 3443 724 3497 forte
747 3443 877 3511 haereas,
906 3445 940 3498 of.
966 3444 1002 3498 ad
1022 3449 1074 3499 290
1098 3445 1133 3497 de
1156 3443 1328 3515 Buthroto!

313 3514 436 3568 reddidit
454 3513 505 3566 LR
518 3516 645 3584 perdidit
664 3515 706 3567 ed.
781 3520 815 3568 lb
835 3532 895 3570 aeee
922 3518 938 3570 't
950 3515 1003 3569 LR
1017 3516 1061 3569 ed.
1081 3532 1179 3569 eornr
1198 3515 1242 3571 ed.
1256 3519 1329 3584 post.

368 3590 401 3639 16
425 3586 590 3653 inperterriti
608 3585 661 3638 LR
683 3588 844 3654 importaaa
865 3602 880 3640 e
902 3630 907 3641 .
927 3588 1087 3655 iafortaaia
1104 3602 1155 3639 noe
1179 3586 1214 3640 of.
1233 3592 1293 3641 493.

313 3661 345 3710 17
366 3658 500 3710 aeeedamt
517 3656 569 3709 La
588 3657 630 3712 ed.
650 3658 781 3711 accidant
799 3674 858 3711 nos.
921 3664 954 3711 23
974 3657 1093 3713 addebat
1110 3657 1163 3711 LR
1182 3657 1231 3712 edI
1249 3676 1329 3728 aupe-

312 3729 359 3782 bat
377 3727 445 3782 eds.
532 3734 566 3782 26
584 3730 632 3783 sed
649 3728 671 3781 L
690 3730 751 3782 sede
768 3729 794 3782 R
811 3746 839 3783 se
856 3746 878 3783 r.
898 3730 902 3740 '
956 3734 990 3782 28
1009 3730 1232 3785 commutationes
1250 3730 1293 3783 ed.

312 3806 345 3853 29
360 3798 497 3869 perieulis
514 3799 566 3852 LR
585 3801 625 3869 (et
642 3798 735 3870 infra).
982 3805 989 3816 ‘
