3250 4350
673 408 678 434 f
716 402 900 459 Aruernos
918 403 945 458 v
1014 480 1016 485 Ι
1045 453 1047 455 ,
1274 403 1339 468 sul

323 570 463 631 servabat
486 575 516 631 et
537 575 650 645 motus,
677 592 712 632 eo
739 574 837 650 mngis
859 572 977 632 cnutior
997 575 1145 647 ¹quantum
1168 591 1217 633 eos
1240 572 1341 651 urgeri

323 660 480 720 sentiebat·
499 662 532 719 in
559 679 704 720 somnum.
749 662 803 721 ubi
829 664 931 720 eutem
958 659 1030 719 deus
1054 661 1340 737 edvertitpertinn·

323 749 400 808 citer
411 751 608 825 resistentem,
623 749 753 811 dimissis
771 750 899 824 insidiis,
913 769 989 825 quoe
1008 748 1047 808 od
1064 751 1187 826 plenum
1206 750 1340 810 obtinere

322 837 521 912 nequiverant
546 845 601 914 pe'r
627 839 756 899 bominis
780 831 921 914 formum,
949 839 1097 899 conuertit
1119 857 1151 898 se
1174 839 1213 897 ud
1235 842 1339 914 poten·

292 946 305 988 s
322 929 408 1001 tium,
426 930 461 987 nt
478 929 510 988 vi
529 928 718 1005 conpleretur
735 927 816 1004 quod
833 928 1012 988 subtilitatis
1030 927 1135 988 froude
1154 946 1214 987 nou
1230 930 1339 1004 potuit.

321 1034 443 1089 romum
473 1017 568 1096 igitur
598 1017 726 1076 Letboeo
756 1034 824 1076 rore
848 1018 1017 1076 mulionum
1047 1019 1132 1092 eiquo
1163 1021 1392 1090 sopuuwmett

320 1104 425 1179 suppia
446 1121 535 1179 super
554 1110 678 1180 utroque
695 1109 819 1181 quassat
834 1109 965 1180 bosporo
983 1096 1184 1180 umdemque
1201 1108 1340 1166 nmootiu

321 1195 438 1253 luminu
459 1194 560 1265 sciuit·
592 1195 666 1271 quid
689 1197 769 1254 enirn
791 1194 944 1254 dubiumr
962 1193 1088 1254 Somnus
1111 1213 1236 1273 gruum
1258 1193 1349 1255 Pnli·‘
1385 1210 1387 1218 ·

321 1302 431 1342 nurum
453 1302 521 1343 rore
540 1282 656 1362 Stygio,
679 1303 767 1361 quem
790 1303 866 1343 mox>
879 1284 990 1360 plenne
1012 1286 1103 1343 morti
1124 1284 1224 1342 fuerat
1245 1283 1339 1356 trudi,

273 1369 430 1434 noturus?
476 1373 640 1449 excutiens,
671 1374 784 1450 inquit,
816 1393 936 1432 remum
966 1391 1033 1433 roro
1061 1373 1168 1451 Stygio
1198 1372 1340 1449 inspersit

320 1460 459 1520 Palinuri
476 1461 660 1538 temporibus
678 1465 709 1521 et
726 1462 902 1522 reluctantis
920 1463 1022 1522 oeulos
1040 1463 1139 1522 solvit.
1170 1462 1339 1522 habuerunt

320 1549 401 1608 enim
425 1550 520 1609 edhuo
544 1551 693 1626 quendum
715 1553 863 1629 vigorem,
891 1569 958 1610 oum
981 1551 1140 1610 Palinurus
1166 1554 1272 1611 conns
1293 1551 1338 1609 ni·

319 1640 446 1712 teretium
470 1638 522 1698 ubi
546 1641 625 1698 enirn
647 1639 811 1701 intervenit
833 1640 879 1700 vis
901 1643 1007 1716 muior,
1031 1639 1172 1716 quicquid
1197 1641 1339 1701 duratium

319 1727 423 1786 fuerat
448 1728 616 1787 resolutum
643 1732 703 1804 est,
731 1748 807 1804 quue
831 1730 942 1788 solutio
965 1730 1074 1790 olnusit
1096 1730 1197 1789 oeulos
1220 1732 1284 1789 eius
1307 1732 1338 1788 et

270 1837 302 1878 ιι
319 1818 437 1893 pressit.
484 1818 534 1876 uin
555 1820 671 1891 prucios
696 1819 820 1891 inopine
852 1820 934 1892 quies
964 1817 1118 1877 tuuouemt
1148 1822 1246 1878 urbes:
1280 1819 1338 1879 hoc

318 1904 435 1964 fuctum
457 1906 541 1965 nulle
564 1909 722 1966 consecute
745 1908 791 1966 est
808 1925 902 1965 more.
937 1910 964 1965 et
979 1924 1068 1979 super
1085 1908 1254 1966 ieomnbeue
1271 1925 1338 1966 eum

313 1996 431 2068 puppis
452 1999 541 2069 purte
567 1995 686 2056 recubo
713 2013 834 2069 umque
858 1995 1034 2071 mercado
1060 1995 1190 2068 liquidus
1213 1996 1339 2070 proiecit

318 2085 353 2142 iu
370 2085 469 2142 crudus
483 2086 673 2159 praeupeem
691 2102 727 2144 uo
743 2086 836 2144 socios
853 2086 1046 2158 mutorum
1063 2100 1150 2156 saepe
1166 2087 1390 2144 uocantonrseo

318 2171 449 2232 multum
467 2172 520 2233 dut
537 2172 681 2233 Palinuro
701 2176 754 2249 qui
772 2192 930 2251 oppressus
948 2177 1035 2234 tonte
1053 2172 1084 2234 vi
1103 2170 1337 2251 gubernaculum

271 2284 302 2324 so
318 2280 379 2321 non
407 2262 536 2337 remisit,
563 2266 667 2322 contre
695 2264 762 2339 plus
789 2264 838 2323 illi
865 2265 917 2339 qui
945 2263 1048 2324 divino
1074 2264 1170 2322 fretus
1199 2264 1336 2338 potentie

318 2353 418 2411 totum
444 2352 544 2411 veluit
571 2360 728 2430 superero,¹
757 2354 800 2412 sio
823 2354 903 2411 enim
925 2352 1013 2411 illum
1036 2351 1231 2428 praecipitem
1254 2351 1337 2412 dedit

318 2441 351 2499 in
383 2440 504 2515 fluetus,
535 2444 571 2500 nt
602 2448 701 2501 seou'm
734 2444 764 2501 et
794 2441 1029 2519 gubernaculum
1055 2441 1189 2500 traheret
1215 2443 1246 2499 st
1273 2440 1336 2500 eius

318 2532 437 2605 purtem
461 2532 547 2589 nevis
570 2532 619 2589 oui
641 2529 799 2591 videbatur
822 2530 985 2606 adpositus.
1027 2530 1178 2589 olemubet
1195 2548 1267 2589 vero
1284 2528 1336 2590 ille

318 2619 415 2677 soo'ios
438 2618 550 2677 frustra
574 2621 604 2677 et
625 2620 658 2678 in
680 2621 747 2695 ipse
770 2619 802 2679 vi
825 2621 941 2695 positus
960 2621 1057 2680 omnis
1074 2618 1246 2692 invooubnt3
1270 2617 1336 2677 dor

271 2727 301 2769 se
318 2707 453 2765 miebent
475 2709 569 2783 euim,
592 2710 670 2768 sicut
692 2708 920 2785 supradictum
943 2711 1001 2783 est,
1028 2726 1082 2767 neo
1105 2706 1204 2766 audiit
1226 2707 1336 2783 uliquis

316 2796 499 2872 inplorantis
521 2815 626 2856 vocem
648 2816 702 2857 neo
725 2796 865 2857 subvenit
886 2798 1032 2873 pereunti.
1068 2798 1141 2856 bueo
1164 2796 1224 2855 fuit
1246 2788 1343 2857 ceusu

318 2887 354 2943 ut
382 2884 561 2945 dormientes
585 2886 709 2946 troiani
735 2885 984 2961 describerentur,
1011 2904 1048 2943 ne
1076 2888 1153 2946 esset
1181 2885 1233 2961 qui
1254 2884 1336 2945 Peli·

316 2991 393 3031 nuro
426 2974 564 3049 pereunti
596 2980 793 3051 succurreret3
830 2974 933 3034 debuit
964 2976 1043 3036 enim
1077 2975 1213 3050 conpleri
1247 2976 1336 3036 unius

317 3063 440 3122 emissio
477 3082 567 3138 quum
603 3064 761 3139 Neptunus
797 3064 910 3123 Veneri
945 3066 1102 3124 venturum
1137 3062 1335 3140 praedixerat.

270 3154 381 3224 seipse
408 3151 511 3211 veluus
538 3155 633 3212 tenuis
654 3163 694 3212 se
708 3154 827 3212 sustitit
847 3153 908 3213 uteo
929 3155 963 3212 in
986 3170 1093 3213 ouras:
1123 3153 1257 3229 perfecto
1279 3152 1334 3211 Pu·

390 3360 406 3406 4
425 3357 584 3424 uequioerut
597 3357 640 3411 ed.
697 3363 713 3411 6
732 3373 788 3412 ecoe
802 3358 868 3411 deus
881 3356 1010 3412 lemmuti
1023 3356 1153 3427 praefixit
1167 3357 1211 3412 ed.
1228 3360 1232 3425 Ι
1248 3358 1335 3427 ipitur

317 3442 372 3480 om.
389 3425 432 3480 ed.
458 3428 462 3495 Ι
491 3444 579 3483 rorem
596 3428 741 3484 addentem
758 3428 812 3483 uu
830 3445 898 3483 corr.
912 3446 934 3482 r.
1013 3435 1045 3482 11
1064 3430 1218 3484 habueruut
1236 3428 1279 3482 ed.

317 3502 352 3551 13
371 3498 420 3550 ubi
438 3500 510 3552 euim
527 3497 580 3552 th
598 3498 642 3553 ed.
660 3516 687 3554 u.
704 3505 813 3555 ouum?
879 3505 911 3553 17
930 3500 1115 3570 puberuuculo
1132 3498 1185 3553 LR
1202 3516 1223 3553 u
1242 3498 1296 3553 del.
1311 3516 1332 3553 r.

373 3571 406 3620 18
425 3585 439 3622 e
456 3570 542 3625 socios
560 3571 621 3639 (pro
634 3572 688 3641 etl)
707 3570 733 3625 11
751 3588 784 3626 oe
801 3587 823 3625 s.
837 3588 859 3625 r.
921 3576 953 3625 19
972 3572 1005 3625 de
1023 3587 1074 3639 pro
1088 3571 1138 3624 dot
1150 3570 1278 3639 edpost.

316 3645 351 3694 25
371 3645 413 3693 eet*
427 3655 481 3693 om.
496 3640 523 3693 11
540 3640 632 3711 suppl.
646 3657 668 3698 r.
686 3643 690 3712 l
706 3642 788 3697 audit
805 3642 849 3696 ed.
869 3643 977 3697 audivit
995 3641 1038 3695 ed.
1052 3643 1126 3710 post·
1181 3646 1214 3697 st
1234 3640 1333 3698 desert·

316 3713 423 3765 teretur
441 3710 467 3765 11
485 3728 553 3765 corr.
567 3730 589 3767 r.
654 3717 690 3767 30
707 3714 739 3767 iu
757 3729 844 3769 uiuos
861 3712 914 3766 hs
932 3713 975 3767 ed.
994 3711 1089 3768 nescio
1108 3728 1145 3765 un
1162 3713 1201 3767 ud
1219 3730 1245 3769 u.
1264 3728 1305 3768 scr

313 3780 441 3836 bendum
459 3782 504 3850 sit,
520 3782 592 3853 'quie
608 3784 647 3839 ud
664 3784 770 3840 coelius
787 3783 953 3855 explicetur.
1028 3829 1030 3832 ,
