3250 4350
615 420 616 423 ‘
657 421 666 448 ²
701 416 884 481 iuuumos
902 427 942 480 iv
1268 415 1334 491 373

314 598 456 656 inventus
476 599 522 655 est
540 597 592 672 qui
610 597 729 656 Aeneae
747 589 906 655 meruisset
925 597 1056 670 aequari.
1088 596 1215 654 iucunde
1233 599 1335 655 tamen

315 688 473 745 inventum
502 689 537 744 ut
563 686 635 744 huic
662 704 722 744 non
745 686 852 758 alium,
880 685 931 745 sed
953 685 1125 760 Apollinem
1148 687 1335 768 conpararet,

315 777 390 850 quia
407 774 524 838 Dianae
541 774 770 833 'similitudinem
789 775 920 850 dederat,
935 793 1003 832 cum
1020 773 1169 832 Didonem
1186 776 1217 832 in
1236 776 1334 850 primo
1376 773 1379 778 ’

314 862 393 923 libro
422 863 601 924 describeret
627 863 844 939 procedentem.
885 867 1043 937 postquam
1068 862 1141 921 otios·
1163 868 1280 922 venam
1301 865 1336 922 ire

275 973 301 1014 's
314 955 422 1011 meaos
450 951 536 1027 atque·
561 950 645 1012 roric
672 954 780 1020 tusto,
809 944 874 1012 ecre
891 954 974 1026 ferae
996 954 1063 1011 sari
1085 951 1210 1011 deiectae
1230 955 1335 1011 vertice

315 1059 425 1115 caprae
456 1043 617 1103 decurrere
639 1044 730 1116 iupis:
764 1043 866 1116 ferae,
898 1043 1013 1117 inquit,
1046 1031 1167 1116 caprae,
1201 1041 1257 1099 hoc
1289 1042 1336 1100 est

315 1133 458 1208 agrestes,
474 1129 547 1205 quas
567 1147 689 1205 capreas
708 1131 842 1189 dicimus.
879 1133 1052 1190 mansuetae
1072 1132 1141 1188 sunt
1160 1131 1239 1188 enim
1258 1147 1335 1205 quae

316 1222 389 1278 sunt
416 1220 449 1277 in
476 1218 616 1297 gregibus
644 1221 813 1278 nostriset
841 1239 917 1296 quac
940 1238 1000 1278 non
1022 1223 1159 1278 metuent
1180 1219 1335 1277 hominum

317 1309 520 1384 conspectum,
544 1310 676 1386 agrestes
699 1327 771 1367 vero
793 1308 932 1382 timidae,
953 1309 1035 1367 leves
1059 1308 1097 1367 ad
1120 1325 1251 1385 cursum,
1275 1326 1334 1382 quo

274 1420 301 1459 ro
315 1396 409 1455 fiebat
436 1399 471 1456 ut
498 1397 561 1456 saxi
589 1397 626 1455 de
653 1399 765 1456 vertice
793 1401 824 1456 et
846 1397 925 1476 iugis
948 1397 1226 1473 praecipitarentur.
1271 1397 1336 1455 alia

315 1487 353 1544 de
380 1490 475 1560 parte
493 1489 624 1560 pateatis
655 1489 855 1546 transmittant
886 1503 975 1544 cursu
1002 1504 1134 1559 campos:
1169 1485 1253 1545 varia
1285 1487 1334 1545 de-

316 1576 442 1651 scriptio
470 1578 501 1634 ct
528 1595 564 1633 ex
592 1575 765 1635 diversitate
794 1577 928 1652 copiosa,
955 1577 991 1633 ut
1014 1576 1096 1634 aliae
1123 1575 1160 1633 de
1182 1574 1335 1634 montibus

316 1667 478 1742 agerentur
504 1665 682 1740 praecipites
709 1664 934 1740 insequentium
965 1666 1061 1738 metu,
1093 1665 1171 1722 aliae
1204 1664 1335 1742 exagita-

314 1757 421 1811 rentur
447 1755 479 1810 in
507 1753 629 1828 campis.
674 1757 759 1826 atque
786 1756 908 1826 uprairra
930 1756 1007 1812 cervi
1023 1753 1231 1825 pulverulenta
1252 1756 1326 1827 fupo
1337 1757 1388 1806 155

274 1866 301 1905 re
313 1843 479 1916 plomerorrt
500 1844 661 1918 mentuque
683 1844 866 1915 relinquunt:
888 1861 949 1900 non
972 1842 1093 1919 agmina
1116 1841 1335 1917 pulverulenta,

316 1932 368 1990 sed
392 1932 474 2009 fuga.
513 1931 663 1991 ordinatio
687 1925 767 1990 enim
785 1931 828 1990 sic
847 1934 905 1990 est:
929 1933 1050 2009 agmina
1069 1930 1238 2008 glomerant
1255 1931 1336 1990 cervi

315 2022 391 2097 fuga
413 2020 635 2095 pulverulenta:
659 2023 815 2078 currentes¹
831 2022 942 2096 quippe
959 2020 1166 2098 fugientesque
1184 2038 1239 2095 per
1257 2039 1335 2080 carn·

314 2128 371 2186 pos
391 2109 571 2168 ¹excitabant
599 2111 660 2168 suis
685 2110 806 2188 ungulis
829 2110 991 2186 pulverem
1038 2113 1069 2168 at
1085 2127 1163 2183 puer
1185 2108 1335 2167 Ascanius

315 2199 421 2258 mediis
443 2202 476 2257 ire
498 2200 626 2258 ouilibus
649 2201 712 2258 ocri
731 2201 841 2273 prodet
863 2216 934 2272 equo
955 2202 1072 2273 tamque
1093 2200 1145 2258 tos
1168 2216 1256 2257 cursu
1273 2200 1335 2258 ium

274 2311 302 2350 ec
310 2291 457 2362 praeterit
474 2288 540 2347 illos
558 2293 796 2363 spumantemque
818 2290 887 2347 dart
903 2301 1015 2362 pecora
1036 2291 1112 2347 irater
1133 2290 1241 2347 inertia
1262 2290 1336 2348 ootts

315 2381 398 2450 optat
415 2395 522 2449 oprrra
541 2382 594 2437 ort
609 2378 726 2450 fotrum
744 2378 914 2438 descendere
931 2383 1026 2437 morte
1044 2379 1166 2436 leonem:
1186 2377 1334 2436 Ascanius

317 2484 435 2541 quoque
463 2484 518 2541 pro
547 2469 646 2525 aetate
673 2468 823 2526 laudatur.
869 2486 940 2526 nam
968 2467 1059 2526 etiam
1086 2487 1122 2526 ea
1150 2484 1226 2541 quae
1256 2466 1335 2524 levia

316 2555 481 2613 maioribus
504 2559 579 2614 natu
601 2555 741 2615 videntur
763 2556 926 2615 laudantur
948 2556 980 2614 in
1002 2558 1116 2632 pueris;
1137 2555 1235 2613 iubis
1255 2554 1336 2612 enim

316 2644 416 2702 futuri
438 2646 581 2719 temporis
605 2663 671 2720 spes
694 2648 897 2720 praesentium
918 2646 1068 2704 factorum
1086 2644 1256 2702 coniectura
1275 2644 1334 2702 col-

275 2753 302 2795 es
317 2734 433 2811 ligitur.
463 2733 515 2792 ille
528 2736 623 2810 igitur
638 2734 716 2809 quod
730 2753 858 2811 magnae
871 2735 1041 2793 velocitatis
1055 2752 1164 2808 equum
1182 2732 1336 2791 habuisset

318 2821 506 2880 discurrebat
523 2822 665 2899 gaudens,
684 2822 764 2899 quod
783 2840 871 2883 cursu
889 2839 968 2881 nunc
985 2822 1039 2880 hos
1058 2841 1137 2880 nunc
1155 2813 1231 2881 alios
1249 2840 1335 2897 prae-

315 2912 436 2983 teriret,
467 2929 521 2968 nec
549 2911 674 2989 dignum
700 2911 807 2970 habuit
834 2913 913 2971 feras
941 2915 972 2970 et
997 2913 1108 2970 inertia
1134 2929 1242 2986 pecora
1268 2930 1335 2987 per·

316 3000 459 3057 tinaciter
495 3001 593 3075 sequi,
630 3001 681 3059 sed
718 3000 843 3076 optabat
877 3019 1028 3061 occurrere
1061 3002 1122 3059 suis
1155 3000 1335 3059 discursibus
1379 2993 1381 2997 ’

316 3090 435 3147 leonem
459 3092 514 3147 aut
537 3108 651 3164 aprum.
696 3090 900 3166 praetermisit
921 3093 1011 3166 poeta
1034 3090 1120 3148 datos
1148 3107 1239 3165 equos
1262 3090 1334 3148 uro-

273 3200 301 3241 co
316 3180 396 3236 ianis
413 3177 451 3236 ad
470 3178 648 3249 venandum,
663 3181 805 3255 quoniam
824 3181 961 3255 proprios
979 3198 1039 3238 non
1057 3177 1217 3251 habebant,
1229 3181 1336 3253 utpote

316 3269 371 3342 qui
398 3286 417 3324 a
445 3267 571 3327 navibus
603 3272 759 3343 venerant3
796 3288 834 3326 an
862 3268 944 3343 ideo,
976 3269 1047 3344 quia
1074 3268 1105 3325 in
1135 3267 1225 3326 tertio
1256 3267 1334 3325 libro

391 3455 522 3510 bdeiectc'
540 3455 569 3507 L.
644 3461 803 3510 Smetuarrt
821 3455 864 3508 ed.
938 3460 1118 3524 tcouapecta
1134 3455 1163 3507 L.
1190 3457 1195 3524 Ι
1221 3454 1336 3508 timidae

316 3526 371 3581 LR·
388 3534 406 3581 t.
426 3534 452 3581 et
470 3527 512 3581 ed.
588 3532 768 3581 15-16uoc
786 3528 901 3597 agmina
916 3528 1110 3595 pulverulento
1127 3526 1174 3580 sed
1194 3525 1265 3595 fopo
1282 3524 1337 3577 LR

316 3617 345 3652 rr.
364 3598 436 3668 fuya
454 3616 483 3667 p.
503 3598 551 3652 sed
574 3599 688 3667 apmiaa
710 3597 753 3651 ed.
865 3603 897 3651 17
917 3599 1111 3668 pulverulenta
1134 3600 1199 3666 post
1221 3597 1340 3666 agmina

316 3675 457 3739 transpos.
482 3670 525 3724 ed.
635 3674 668 3722 19
692 3670 755 3740 apri
777 3668 836 3723 LR.
947 3674 981 3723 25
1003 3670 1049 3724 ille
1071 3670 1160 3740 ipitur
1186 3684 1239 3722 om.
1259 3668 1302 3721 ed.
1327 3668 1333 3739 1

315 3742 457 3795 habuisset
474 3740 526 3793 LR
543 3741 569 3793 b.
589 3746 613 3794 ct
632 3740 674 3794 ed.
695 3756 712 3794 a
729 3741 854 3811 paudere
871 3740 984 3809 pendet.
1076 3745 1109 3793 26
1128 3755 1204 3793 aare
1222 3739 1292 3793 alica
1309 3738 1336 3791 R

315 3829 394 3867 nuuc
412 3828 465 3866 om.
481 3812 502 3865 L
520 3830 549 3866 rr.
563 3812 626 3865 illos
644 3811 687 3865 ed.
1336 3837 1338 3841 ·
