3250 4350
700 415 906 471 PRAEFATIO
1201 431 1227 485 ἢ
1274 416 1314 471 XI

291 584 413 644 nielinis
437 584 595 649 scholiisve
612 584 834 645 Veronensibus
856 587 953 664 magis
977 588 1125 646 consentit
1143 586 1191 645 vel
1210 586 1312 662 aliqua

290 692 370 750 quae
395 674 515 734 Servius
538 673 651 733 refellit
674 674 878 750 amplectitur,
905 674 981 733 nihil
1004 674 1073 734 hino
1096 675 1231 750 sequitur
1253 675 1312 734 nisi

288 783 361 822 eum
379 782 440 822 non
457 783 493 823 ex
507 763 570 822 solo
586 761 689 822 Servio
707 763 854 839 hausiss03
873 766 945 840 quin
965 783 1033 824 oum
1051 764 1119 824 aliis
1138 766 1231 823 etiam
1245 763 1312 823 Ser·

289 852 341 912 rio
366 871 437 912 usus
462 853 503 911 sit
520 852 595 911 talia
613 871 673 912 non
692 851 822 913 obstant.
859 854 960 913 extitit
977 853 1123 930 Hoppius,
1143 853 1194 930 qui
1213 873 1312 912 emen·

290 941 372 1000 datis
401 941 579 1016 quibusdam
607 942 764 1001 Burckasii
792 941 941 1001 erroribus
969 961 1023 1001 sua
1053 943 1311 1020 argumentatione

291 1029 374 1088 idem
396 1029 512 1089 efficere
535 1030 593 1090 sibi
616 1033 697 1090 visus
722 1033 774 1106 est,
793 1034 828 1089 nt
846 1031 999 1091 Donatum
1018 1031 1121 1091 Servio
1140 1050 1227 1091 usum
1247 1050 1311 1091 esse

292 1121 425 1196 negaret
468 1123 500 1178 at
523 1120 621 1196 qualis
645 1119 767 1178 ostilia
791 1117 1033 1198 argumentatio?
1070 1121 1151 1196 quod
1172 1119 1310 1179 Donatus

289 1208 505 1284 septemdecim
531 1209 593 1268 fere
621 1208 694 1268 locis
718 1228 734 1268 e
757 1209 872 1268 duabus
896 1227 969 1284 quas
992 1213 1138 1268 memorat
1166 1211 1310 1284 interpre-

287 1297 458 1357 tationibus
482 1298 607 1357 alteram
630 1298 774 1374 praefert,
797 1297 935 1374 Hoppius
960 1297 993 1357 id
1016 1297 1199 1372 „certissimo
1223 1297 1311 1357 docu-

290 1390 394 1446 mento
423 1405 486 1445 esse
514 1386 569 1460 ait,
597 1406 666 1446 eum
689 1379 797 1468 (unum
820 1380 965 1468 aliquem)
990 1387 1235 1446 commentarium
1259 1387 1311 1445 ha-

291 1475 392 1535 buisse
416 1494 505 1550 quem
528 1476 715 1551 exscriberet,
737 1478 913 1552 plerumque
936 1477 989 1551 ita,
1012 1478 1048 1534 ut
1070 1479 1174 1552 postea
1197 1476 1233 1535 de
1257 1495 1310 1536 suo

289 1563 417 1624 adderet
440 1565 566 1624 alteram
587 1559 894 1641 interpretationem“.
931 1564 1048 1624 cautius
1071 1565 1218 1624 iudicanti
1235 1565 1312 1622 nihil

290 1652 361 1712 inde
386 1655 470 1728 sequi
492 1653 644 1713 videbitur
666 1654 725 1713 nisi
749 1673 817 1712 eum
839 1656 1095 1730 interpretationis
1118 1654 1311 1731 Vergilianas

287 1743 510 1802 controversias
532 1745 669 1822 cognitae
691 1742 843 1802 habuisse:
866 1746 968 1802 utrum
993 1744 1124 1819 aliquem
1142 1743 1222 1801 inter
1240 1745 1311 1802 sori·

291 1831 423 1889 bendum
451 1832 489 1889 ad
516 1851 639 1890 manum
665 1831 806 1891 habuerit
833 1832 1080 1892 commentarium
1105 1850 1144 1890 an
1167 1833 1312 1891 memoria

287 1922 413 1979 tantum
444 1920 540 1980 fretus
568 1922 616 1981 vel
644 1921 847 1980 adnotationis
874 1923 907 1979 in
936 1921 1100 1996 exemplari
1127 1938 1180 1979 suo
1203 1921 1310 1998 Vergi-

290 2009 375 2068 liano
399 2010 485 2086 copia
508 2009 628 2070 adiutus
652 2029 755 2069 earum
779 2013 989 2085 quaestionum
1007 2010 1189 2069 mentionem
1207 2009 1311 2068 fecerit

289 2115 353 2156 non
384 2098 613 2175 praeiudicatur.
665 2100 739 2158 alios
773 2099 873 2158 decem
906 2099 986 2159 locos
1017 2099 1156 2177 Hoppius
1189 2099 1312 2176 collegit

290 2187 403 2263 quibus
425 2188 561 2247 Donatus
585 2188 659 2249 duas
682 2191 955 2265 interpretationes,
974 2190 1101 2248 alteram
1120 2191 1311 2267 argutiorem,

289 2278 472 2351 ineptiorem
495 2278 629 2351 alteram,
653 2279 764 2336 dilectu
787 2297 848 2337 non
870 2277 973 2337 habito
996 2279 1119 2355 profert.
1156 2278 1205 2337 hio
1224 2297 1310 2352 „pro-

288 2385 363 2424 nam
391 2384 454 2425 esse
482 2367 525 2424 ait
553 2368 767 2442 coniecturam,
800 2369 929 2447 priorem
959 2366 1060 2427 deberi
1087 2365 1311 2441 vetustioribus,

289 2454 420 2513 alteram
442 2454 571 2529 Donato,
594 2455 744 2515 interdum
768 2447 898 2537 (scilicet
919 2454 972 2513 ubi
995 2459 1102 2514 neutra
1124 2458 1228 2531 inepta
1251 2449 1310 2537 est)

290 2546 452 2618 utramque
480 2543 517 2602 ab
545 2563 579 2603 eo
608 2545 788 2621 descriptam
817 2544 905 2605 esse“.
951 2545 1191 2620 praeiudicatum
1223 2544 1311 2602 nimi-

288 2652 373 2706 rum,
400 2635 437 2691 ut
464 2651 554 2709 supra
581 2634 723 2708 vidimus,
746 2634 867 2709 Hoppio
891 2635 951 2692 fuit
973 2634 1049 2691 nihil
1072 2634 1153 2709 quod
1176 2635 1242 2693 sani
1265 2634 1309 2691 iu-

288 2720 365 2780 dicii
397 2725 474 2782 esset
504 2722 658 2782 Donatum
691 2722 819 2782 scribere
856 2724 997 2799 potuisse.
1050 2723 1173 2798 „plures
1210 2725 1312 2781 autem

288 2811 456 2887 inspexisse
479 2814 707 2873 commentarios
730 2831 826 2887 neque
850 2813 1011 2871 verisimile
1035 2815 1088 2886 est,
1111 2811 1211 2887 inquit
1229 2811 1311 2886 Hop-

289 2899 369 2975 pius,
393 2919 461 2958 eum
484 2902 537 2976 qui
559 2904 623 2977 ipse
645 2901 804 2978 profitetur
827 2919 858 2960 se
882 2901 991 2959 cursim
1016 2902 1169 2976 scripsisse
1198 2900 1311 2959 relictis

289 2988 431 3064 plurimis
454 2991 559 3064 etqui
582 3009 707 3065 puerum
730 2993 837 3066 poetae
861 2991 988 3049 lectione
1011 2990 1147 3048 initiaret
1167 2990 1223 3049 hoc
1242 3008 1310 3048 cou-

289 3077 370 3151 silio,
388 3096 448 3137 non
467 3081 503 3136 ut
521 3081 749 3155 grammaticum
768 3080 879 3155 ageret,
899 3078 951 3138 sed
972 3081 1008 3136 ut
1030 3079 1192 3155 rhetorem3
1216 3098 1311 3154 neque

291 3185 359 3225 cum
383 3166 495 3225 Donati
522 3166 623 3227 indole
647 3169 765 3244 qualem
789 3168 999 3243 descripsimus
1029 3159 1172 3248 (hominis
1196 3169 1311 3226 scilicet

289 3256 379 3315 stulti
403 3274 438 3314 ao
460 3249 607 3337 perversi)
630 3258 701 3316 talis
724 3257 802 3315 ratio
823 3258 969 3335 congruit,
988 3260 1023 3315 ut
1042 3257 1213 3331 compositis
1232 3258 1311 3315 inter

290 3363 322 3404 se
351 3346 550 3421 complurium
584 3347 803 3406 commentariis
836 3347 976 3421 probaret
1009 3348 1110 3404 omnia
1140 3349 1169 3404 et
1198 3345 1311 3404 bonum

289 3433 434 3493 teneret“.
469 3435 607 3494 Donatus
626 3436 652 3493 si
671 3454 724 3510 pro
744 3454 798 3495 suo
817 3435 1060 3511 interpretandae
1076 3434 1223 3494 Aeneidos
1243 3453 1311 3493 con-

290 3523 359 3583 silio
378 3523 478 3582 nullas
498 3524 618 3583 omnino
637 3527 901 3601 grammaticorum
920 3525 1138 3583 controversias
1152 3525 1310 3600 tetigisset,

289 3631 352 3671 non
369 3616 447 3672 esset
466 3613 545 3687 quod
559 3614 743 3672 miraremur.
772 3617 859 3690 atqui
872 3612 1010 3690 plurimis
1029 3612 1132 3690 tetigit
1149 3612 1232 3686 locis,
1251 3631 1311 3670 non

288 3701 327 3760 iis
356 3704 476 3760 tantum
505 3720 580 3777 quos
603 3702 784 3762 Burolrasius
811 3705 948 3787 collegit,
976 3702 1032 3766 ubi
1059 3706 1166 3785 aperte
1192 3704 1330 3764 aliorum

285 3791 448 3846 wmfffliiffi
475 3792 531 3845 ³115
555 3790 672 3849 fefellit
701 3798 758 3853 aut
789 3796 919 3878 accipit,
954 3800 1013 3864 sed
1043 3818 1153 3865 omnes
1183 3793 1351 3859 adicienda
