3250 4350
717 418 900 474 latomos
918 419 945 472 ΙΙ
1276 419 1339 482 167

323 586 424 662 golica
451 585 487 644 da
515 591 602 663 gente
631 586 764 664 negabo“
788 590 819 647 et
841 589 886 662 „si
907 588 976 646 vela
998 587 1116 662 darent,
1142 590 1169 646 si
1190 589 1267 646 forte
1291 587 1340 646 de·

322 674 447 748 dissent,
461 694 514 733 nec
532 675 607 734 mihi
624 679 685 735 iam
704 678 834 752 patriam
854 678 1010 752 antiquam
1029 695 1095 752 spes
1113 676 1177 736 ulla
1192 675 1338 735 videndi“.

322 766 428 821 nostor
451 765 522 822 eris:
545 767 650 840 aperta
671 765 875 824 benivolentia
898 765 996 824 estin
1019 765 1076 823 hac
1099 765 1249 824 oblatione
1271 785 1339 841 pro-

321 852 422 927 missi,
450 871 518 910 cum
540 854 614 912 dicit
635 857 738 913 noster
760 857 827 929 eris,
851 854 1025 913 obliviscere
1049 852 1164 914 Graios.
1210 854 1338 930 depona-

294 961 404 1016 amus,
431 942 542 1017 inquit,
570 945 731 1018 superioris
757 943 932 1002 inimicitias
958 943 1115 1020 temporiS,
1142 945 1200 1002 eris
1223 962 1338 1003 unus⁴e

322 1030 423 1106 nobis,
451 1030 569 1090 dimitte
597 1052 632 1090 ex
660 1034 759 1090 auimo
787 1031 861 1092 civis
888 1035 970 1106 tuos,
1002 1051 1077 1108 quos
1108 1032 1171 1090 iam
1198 1031 1340 1091 dimisisti

321 1120 475 1196 fugiendo.
512 1122 623 1179 mirum
645 1121 694 1180 hic
716 1123 823 1197 poetae
843 1122 1015 1194 consilium3
1038 1140 1106 1180 oum
1125 1124 1204 1179 enim
1222 1120 1261 1179 ad
1279 1122 1338 1180 sin·

321 1208 395 1285 gula
416 1208 535 1267 Sinonis
554 1209 633 1268 dicta
652 1209 844 1285 responderet
861 1229 896 1268 ex
914 1228 1041 1286 persona
1059 1210 1173 1268 Priami
1191 1209 1337 1268 credentis

323 1297 405 1373 quod
422 1297 474 1357 ille
492 1317 563 1358 vera
581 1301 741 1371 narrasset,
760 1301 925 1375 suppressit
943 1318 1015 1374 „nec
1033 1299 1108 1357 mihi
1128 1301 1190 1357 iam
1207 1300 1338 1375 patriam

279 1389 482 1461 meutiquam
501 1407 567 1462 spes
586 1387 649 1444 ulla
666 1387 788 1446 videndi
807 1406 861 1447 neo
879 1387 974 1446 dulcis
994 1391 1081 1446 natos
1105 1391 1337 1464 exoptatumque

319 1473 505 1552 parentem“,
536 1496 573 1535 ne
604 1475 742 1535 Priamus
774 1477 848 1536 haec
880 1477 1136 1537 commemorando
1174 1496 1250 1553 quae
1286 1476 1337 1535 ad-

321 1565 435 1622 fectum
456 1566 620 1623 maximum
636 1564 806 1625 retinebant
825 1566 1008 1624 exulceraret
1026 1568 1159 1624 animum
1177 1568 1337 1640 narraturi,

321 1654 374 1728 qui
405 1653 548 1712 debuerat
575 1673 637 1713 esse
666 1653 846 1731 conpositus.
892 1655 971 1714 solos
998 1652 1118 1729 Graios,
1146 1655 1235 1731 dixit,
1264 1655 1337 1715 obli-

320 1745 449 1816 viscere,
481 1742 561 1818 quod
588 1744 676 1803 facile
703 1744 769 1801 fieri
795 1745 908 1818 potuit3
945 1746 1107 1802 extiterant
1138 1744 1218 1803 enim
1247 1746 1339 1802 saluti

277 1853 304 1891 15
321 1831 443 1889 Sinonis
466 1833 587 1890 inimici.
635 1836 766 1891 ceterum
788 1833 928 1907 patriam,
951 1832 1029 1892 filios
1053 1837 1082 1892 et
1105 1836 1221 1908 patrem
1247 1833 1337 1892 semel

319 1923 352 1977 in
382 1920 562 1979 oblivionem
590 1922 695 1980 ducere
722 1939 783 1979 non
810 1925 944 1998 poterat,
971 1922 1024 1980 sed
1051 1923 1082 1981 et
1108 1922 1159 1981 ille
1188 1923 1277 1980 durus
1308 1925 1338 1979 et

319 2011 421 2084 inpius
454 2014 555 2084 posset
585 2009 725 2084 iudicari,
763 2011 789 2070 si
821 2012 895 2069 haec
927 2013 1048 2086 putaret
1081 2029 1143 2070 esse
1176 2010 1336 2069 suadenda.

319 2098 454 2172 mihique
485 2099 559 2158 haee
587 2098 712 2158 edissere
740 2119 812 2158 vera
839 2101 973 2179 roganti:
1011 2103 1172 2176 antequam
1198 2099 1336 2158 Priamus

318 2189 470 2263 proferret
501 2208 577 2264 quaa
609 2189 729 2249 volebat
757 2189 874 2266 audire,
904 2192 1036 2249 inculcat
1063 2190 1169 2249 Sinoni
1194 2189 1337 2248 beneficia

273 2300 301 2337 eo
319 2297 388 2349 sua,
421 2279 456 2334 nt
482 2277 514 2336 in
541 2278 624 2336 nullo
652 2280 770 2337 falleret
798 2282 828 2337 et
856 2278 895 2336 ad
923 2281 1109 2357 interrogata
1136 2298 1208 2337 vera
1236 2280 1336 2353 potius

318 2386 412 2444 quam
435 2365 505 2425 ficta
528 2379 559 2425 et
581 2370 736 2442 conposita
758 2368 912 2427 fateretur.
948 2370 993 2426 ait
1015 2388 1085 2445 ergo
1108 2368 1196 2425 mihi:
1219 2370 1335 2442 inipso

317 2457 495 2530 pronomine
528 2456 640 2533 grande
671 2455 787 2531 pondus
821 2459 866 2515 est
896 2457 1080 2531 intellectus3
1120 2456 1194 2513 mihi
1227 2458 1336 2530 quippe

317 2547 420 2620 potest
447 2544 583 2623 intellegi
609 2548 714 2619 utpote
742 2548 821 2622 regi,
848 2548 913 2621 qui,
942 2565 1009 2605 cum
1033 2563 1150 2619 possem
1175 2545 1268 2602 artius
1291 2547 1335 2601 in-

318 2636 438 2709 quirere
471 2634 641 2708 veritatem,
674 2636 701 2693 si
733 2635 839 2693 fuisses
871 2636 904 2691 in
936 2635 1039 2710 aliqua
1070 2637 1155 2708 parte
1185 2634 1336 2707 mentituS,

270 2746 297 2784 25
317 2723 498 2796 simpliciter
525 2742 649 2797 quaer0,
677 2723 752 2782 mihi
780 2724 832 2799 qui
859 2726 889 2781 te
917 2723 1042 2782 liberavi
1070 2742 1089 2781 a
1115 2722 1256 2796 vinculis,
1285 2724 1336 2797 qui

316 2813 448 2870 salutem
471 2816 556 2869 tuam
579 2815 704 2885 servavi,
728 2814 780 2889 qui
803 2816 834 2870 te
852 2814 951 2887 recepi
969 2814 1002 2870 in
1020 2830 1153 2871 meorum
1171 2830 1335 2869 numerum.

315 2900 465 2974 conpletis
501 2903 615 2959 interea
652 2920 729 2976 quae
766 2902 931 2961 necessario
964 2902 1085 2959 fuerunt
1116 2900 1336 2975 praemittenda

314 2990 450 3047 breviter
481 2992 623 3065 proponit
656 3009 732 3064 quae
765 2991 904 3066 cupiebat
932 2990 1043 3064 audire.
1089 3009 1149 3049 non
1177 2992 1269 3062 enim,
1301 2993 1336 3047 ut

313 3097 411 3153 supra
435 3077 547 3136 dictum
571 3084 624 3149 est,
648 3078 816 3138 adhibenda
838 3080 937 3137 fuerat
959 3098 1043 3137 mora
1066 3078 1153 3136 rebus
1175 3098 1230 3154 pro
1254 3083 1336 3138 statu

270 3192 294 3230 ιο
312 3167 439 3243 publico
450 3168 670 3245 cognoscendis.
694 3185 750 3241 quo
759 3170 862 3227 molen
870 3169 946 3227 tanc
959 3170 1089 3226 iomanis
1103 3170 1169 3240 equi
1181 3169 1326 3227 statuere?
1338 3173 1388 3220 150

312 3259 385 3329 (ptris
404 3258 524 3313 cador?
554 3258 658 3329 quidve
671 3258 795 3329 petant?
826 3256 900 3330 duae
917 3257 1018 3330 religio
1037 3261 1089 3316 aut
1106 3274 1181 3329 quae
1198 3257 1335 3316 machina

312 3346 406 3404 belli?
450 3346 540 3420 plena
572 3346 737 3421 propositio
771 3350 800 3405 et
831 3348 863 3403 in
895 3348 962 3422 ipsa
990 3346 1138 3405 brevitate
1175 3346 1335 3404 verborum

312 3436 393 3492 satis
420 3435 577 3493 intellectu
604 3436 766 3509 latissima3
798 3455 868 3494 nam
896 3437 1065 3511 quaesitum
1095 3439 1140 3493 est
1167 3453 1219 3492 cur
1242 3454 1334 3508 equus

393 3588 451 3639 lsi
469 3587 529 3640 uela
548 3587 599 3639 LR
619 3604 704 3655 supra
723 3588 789 3641 dura
807 3604 831 3640 o.
895 3588 1094 3655 tdepoaemus
1111 3605 1132 3639 r.
1200 3588 1335 3640 taoatris

313 3658 359 3709 ed.
420 3663 453 3709 14
471 3659 558 3711 solerti
576 3675 629 3712 om.
646 3658 688 3712 cd.
745 3663 778 3710 19
797 3659 922 3725 inculpat
940 3657 965 3709 a
984 3675 1053 3711 corr.
1068 3658 1165 3711 r=L.
1222 3661 1256 3709 20
1271 3660 1333 3725 pal-

311 3728 450 3866 }g‘rggepd}
464 3825 497 3843 =
512 3734 574 3851 Ltl
594 3730 727 3794 fateretur
745 3727 797 3781 LR
815 3730 986 3796 responderet
1004 3728 1047 3782 ed.
1143 3736 1177 3781 24
1195 3729 1292 3795 fuisset
1310 3729 1335 3780 lt
