3250 4350
721 426 904 481 AENEIDOS
923 427 936 479 I
1294 424 1335 490 87

316 594 413 653 securi
441 595 584 670 volitant,
616 597 671 670 sic,
699 595 811 671 inquit,
841 598 871 654 et
897 613 988 654 naves
1016 599 1085 654 tuae
1113 598 1143 654 et
1166 613 1267 655 omnes
1290 596 1337 652 tui

316 685 415 742 securi
445 683 559 761 degunt
587 702 622 742 ac
649 687 709 743 tuti
737 687 814 744 sunt.
855 702 945 758 perpe
971 686 1106 744 modoet
1126 703 1186 758 quc
1209 689 1235 742 te
1257 683 1338 744 occis

315 775 368 831 cio
396 772 490 846 diripe
514 791 661 846 pressam:
692 776 795 850 posset
821 774 938 832 Aeneas
966 774 1063 833 dicere
1090 794 1151 832 non
1178 773 1249 832 novi
1277 793 1335 849 quo

316 881 393 935 eam,
416 861 473 920 hoo
496 863 551 921 illa
573 864 742 938 praeripuit
764 861 887 921 dicendo
911 864 962 922 via
984 863 1041 922 tibi
1069 862 1248 922 monstrabit
1275 881 1335 938 quo

288 969 368 1010 aeas
392 954 423 1009 et
447 970 505 1026 qno
529 951 634 1011 tendas
658 970 774 1030 gressus
797 954 874 1010 tuos.

385 1040 473 1098 Deru
504 1043 530 1100 el
561 1045 693 1099 averteres
725 1058 810 1099 roseo
840 1043 948 1100 ceruice
975 1042 1091 1113 refulsit
1117 1041 1336 1112 ambrosiaeque

315 1146 416 1187 comae
442 1131 575 1188 dictorem
602 1133 706 1189 outre
733 1131 851 1188 odorem
878 1132 1039 1202 spiravere,
1061 1131 1153 1202 pedes
1180 1131 1266 1188 vestis
1289 1130 1336 1188 de·

315 1219 405 1289 flacit
427 1220 467 1277 cd
489 1222 563 1277 imos
587 1223 613 1276 et
634 1237 704 1278 cera
726 1222 842 1278 lacesso
859 1221 960 1292 potuit
981 1220 1051 1277 deu:
1073 1222 1190 1278 remota
1208 1217 1326 1296 Aeneae
1337 1224 1388 1272 405

316 1309 488 1382 suspicione
517 1327 620 1366 veram
650 1309 807 1367 constituit
835 1307 935 1382 deam,
962 1308 1108 1383 conpletis
1136 1326 1212 1385 quae
1239 1307 1336 1365 voluit

275 1416 302 1454 10
317 1396 435 1454 dimisit
462 1397 588 1469 laetum,
618 1397 734 1457 dimisit
760 1398 941 1456 instructum
969 1401 999 1457 et
1027 1397 1164 1456 recedens
1197 1395 1335 1472 plurimis

317 1485 413 1561 signis
437 1485 616 1545 monstravit
638 1485 701 1545 filio
722 1504 798 1562 quae
817 1489 904 1560 esset,
921 1488 956 1544 ut
974 1487 1063 1562 pleno
1081 1488 1148 1544 visu
1167 1485 1336 1544 adverteret

317 1593 387 1632 oum
416 1593 476 1647 qua
503 1573 561 1633 sibi
586 1575 693 1634 fuisset
715 1574 920 1650 conloquium3
952 1595 1022 1634 nam
1046 1578 1077 1634 et
1097 1574 1216 1633 refulsit
1238 1574 1335 1650 splen·

316 1663 390 1721 dore
410 1681 468 1738 quo
487 1662 546 1722 fuit
565 1665 595 1722 et
612 1664 746 1722 relaxata
767 1668 849 1724 veste
867 1682 961 1740 usque
980 1664 1019 1722 ad
1036 1664 1164 1741 vestigia
1182 1666 1249 1739 ipsa
1268 1681 1335 1723 oon-

316 1755 400 1811 tecta
428 1756 480 1811 est.
526 1771 616 1827 supra
644 1754 723 1811 enim
752 1752 829 1810 dixit
856 1754 956 1828 „nuda
984 1772 1062 1830 genu
1088 1753 1225 1828 nodoque
1253 1755 1335 1811 sinus

277 1841 445 1900 recollecta
463 1839 611 1901 fluentis“.
649 1841 788 1901 odoribus
807 1861 926 1918 quoque
950 1843 1037 1900 deam
1060 1860 1123 1901 sese
1143 1841 1335 1916 monstravit3

317 1932 361 1990 sic
385 1932 465 1988 enim
489 1930 551 1989 eius
576 1933 667 1989 comis
690 1949 722 1989 se
746 1931 919 2004 effuderant,
937 1935 972 1990 ut
993 1932 1061 2005 ipsa
1083 1930 1174 1988 herba
1196 1948 1335 2006 praesens

316 2022 477 2095 putaretur
505 2019 667 2095 ambrosia,
695 2039 786 2096 qnam
813 2020 953 2079 mulieres
979 2022 1141 2097 unguentis
1164 2019 1334 2077 admiscent.

317 2107 477 2167 ordinatur
504 2127 606 2169 sensus
635 2111 690 2169 sic:
723 2109 949 2185 ambrosiaeque
972 2109 1093 2167 odorem
1116 2127 1217 2167 comae
1241 2110 1334 2185 spira-

316 2218 395 2257 vere.
441 2200 490 2257 e'lle
512 2200 709 2258 attrectem
732 2202 858 2272 aperuerit,
882 2201 935 2258 rell
957 2201 1115 2273 perplectere
1138 2203 1180 2258 est
1200 2215 1266 2256 occe
1293 2215 1335 2255 se·

274 2309 302 2349 ao
316 2291 416 2347 cutus:
457 2306 523 2347 ecce
555 2308 615 2347 non
648 2291 769 2347 tantum
801 2289 886 2347 deam
921 2290 1077 2348 constituit
1106 2307 1208 2346 verum
1244 2289 1335 2345 etiam

316 2380 460 2451 matrem,
492 2377 544 2436 sed
575 2398 612 2435 ne
644 2380 832 2452 praesentem
861 2376 975 2435 fraudis
1003 2379 1155 2454 argueret,
1186 2378 1336 2451 proripuit

316 2466 423 2525 eadem
451 2484 522 2525 sese.
568 2466 619 2525 sed
646 2466 712 2539 ille,
745 2465 864 2541 quando
891 2468 1049 2541 repentino
1076 2464 1239 2524 interstitio
1270 2483 1335 2521 eam

316 2555 482 2633 gradiendo
505 2556 553 2613 vel
578 2554 722 2613 currendo
741 2556 827 2630 sequi
845 2575 904 2612 non
922 2554 1030 2630 potuit,
1050 2557 1167 2613 secutus
1187 2555 1232 2611 est
1250 2571 1334 2611 voce:

316 2645 390 2716 preld
416 2648 521 2702 cotum
543 2647 653 2712 ueiens,
676 2645 802 2703 erudelis
825 2648 998 2717 laqueoque,
1022 2644 1108 2717 salsis
1132 2641 1210 2700 lerdis
1232 2642 1335 2714 imepe-

274 2754 300 2793 as
314 2734 426 2791 cibus?
471 2751 524 2791 cur
551 2734 669 2792 dextrae
695 2736 815 2807 irrepere
845 2733 976 2791 dextram
999 2751 1058 2792 rrorr
1081 2733 1170 2791 delur·
1193 2748 1228 2789 ac
1249 2749 1336 2788 ceros

315 2823 424 2881 audire
452 2826 477 2879 el
503 2823 624 2881 reddere
651 2823 752 2881 voees?
797 2824 946 2881 incusatio
970 2826 1097 2881 estnon
1120 2820 1336 2880 contumeliosa

315 2914 371 2970 aut
400 2911 435 2969 de
464 2910 664 2970 amaritudine
689 2913 824 2985 veniens,
852 2911 903 2970 sed
927 2912 963 2969 de
986 2911 1129 2987 religione
1154 2912 1184 2968 et
1207 2909 1334 2967 adfectu.

315 3021 378 3074 cur,
398 3000 508 3075 inquit,
528 3002 671 3060 antehoc
689 3002 873 3059 momentum
892 3005 1015 3059 matrem
1037 2998 1172 3057 confiteri
1190 2998 1336 3057 noluisti?

315 3110 371 3148 cur
395 3091 483 3165 quasi
505 3090 605 3149 aliena
627 3089 727 3148 locuta
751 3108 781 3147 es
805 3088 941 3149 mecum?
976 3107 1014 3146 an
1038 3087 1182 3163 numquid
1204 3090 1268 3146 tam
1291 3089 1335 3145 in·

275 3201 301 3240 ao
315 3178 390 3237 felix
414 3197 493 3251 sum,
522 3180 610 3238 utin
633 3198 680 3237 me
704 3178 795 3238 etiam
819 3197 853 3236 ex
875 3181 1011 3236 matemo
1034 3180 1153 3252 pectore
1176 3177 1335 3236 crudelitas

391 3390 407 3437 5
432 3401 479 3438 eas
502 3391 526 3438 et
549 3400 601 3452 qrro
625 3400 677 3436 om.
698 3384 741 3437 ed.
852 3388 885 3435 10
911 3383 1016 3436 diorisit
1039 3384 1139 3437 laetum
1164 3398 1217 3435 om.
1238 3382 1281 3434 ed.

317 3463 351 3508 12
375 3473 443 3510 narn
469 3461 493 3509 et
519 3455 571 3507 LR
598 3460 623 3508 et
650 3471 702 3507 om.
727 3454 770 3509 ed.
882 3460 914 3507 15
942 3470 996 3508 sese
1023 3453 1075 3506 LR
1102 3470 1129 3508 se
1156 3470 1210 3507 esse
1238 3452 1281 3506 ed.

318 3533 351 3580 16
375 3528 461 3582 emeris
487 3525 540 3579 th
566 3542 656 3580 corrue
683 3526 727 3579 ed.
772 3531 775 3593 l
818 3526 900 3580 herba
929 3524 1053 3578 deletum
1080 3525 1141 3578 vult
1168 3542 1182 3577 r
1214 3540 1267 3576 om.
1291 3523 1334 3576 ed.

372 3604 406 3651 18
427 3598 534 3651 odorem
553 3613 643 3652 comae
661 3596 714 3650 LR
732 3596 848 3650 invertit
867 3596 923 3662 ed,
943 3596 993 3650 sed
1012 3596 1081 3649 Don.
1102 3596 1253 3649 cnrbroer'ae
1272 3592 1335 3648 cdo-

317 3687 373 3723 rem
393 3668 549 3738 coniungit.
641 3673 675 3721 20
694 3670 773 3722 decere
791 3668 843 3721 LR
862 3668 888 3723 d.
907 3685 935 3723 se
953 3667 996 3723 ed.
1088 3672 1123 3721 al
1143 3671 1271 3738 aequaret
1284 3664 1343 3718 un

318 3747 410 3810 operer
429 3740 472 3793 ed.
533 3744 566 3791 2⁷
584 3740 692 3808 replere
707 3739 740 3793 ll.
798 3745 833 3795 28
852 3748 1020 3798 elementem
1041 3749 1161 3799 orotreru
1176 3739 1237 3795 islo
1255 3754 1360 3794 nomeu

314 3818 389 3861 larem
406 3816 495 3860 mater
510 3809 550 3860 cd.
