3250 4350
587 414 769 469 ι1111111111Οὸ
789 415 815 470 V
1149 414 1215 480 485

262 584 353 659 rionis
378 603 467 643 causa
494 603 547 642 nee
575 584 681 643 habuit
708 585 790 642 aliud
818 603 926 642 nomen
949 584 1029 660 qued
1056 586 1215 659 paternum

262 674 458 750 rsgrederetur
489 673 652 745 adfectum,
688 675 732 731 est
764 674 845 732 enim
878 675 909 730 in
942 674 1037 748 patris
1066 675 1216 748 potestate

262 762 342 835 equid
370 765 415 820 est
442 763 474 819 in
502 762 670 822 substantia
697 761 839 835 filiorum,
869 762 917 820 illi
946 764 1066 820 tautum
1093 762 1234 820 debetur'

263 853 347 908 ntum
366 850 482 909 Aeneas
505 853 569 926 ipse
592 853 701 910 vitiose
724 851 805 926 patri
828 851 885 910 hec
908 853 953 909 est
976 849 1068 909 debili
1096 869 1130 910 ac
1152 851 1216 910 seni

262 936 368 997 ibuisse
390 942 582 999 monstratur.
628 940 756 1015 denique
779 941 858 999 hunc
885 939 962 998 eollo
991 941 1082 1014 atque
1105 941 1216 998 umeris

262 1027 339 1086 itae
363 1028 528 1104 desperatis
554 1029 689 1086 omnibus
718 1031 748 1086 et
770 1047 863 1104 usque
894 1029 933 1088 ad
960 1028 1101 1088 ultimum
1127 1027 1216 1086 finem

262 1133 322 1176 una
360 1119 511 1175 saeviente
548 1117 700 1192 perductis
736 1120 788 1176 aut
821 1136 890 1176 eum
919 1121 1005 1194 patre
1036 1117 1217 1176 desideravit

262 1202 324 1264 lere
348 1208 402 1263 aut
425 1224 490 1263 eum
515 1223 549 1264 eo
572 1205 661 1264 finem
683 1208 818 1265 invenire
835 1206 964 1266 vivendi.
1006 1208 1048 1264 sie
1067 1208 1147 1264 enim
1164 1205 1216 1264 ille

262 1297 334 1352 unis
362 1295 433 1354 fatis
465 1312 518 1352 sue
543 1313 660 1370 quoque
683 1296 748 1354 feta
771 1297 938 1370 coniunxit,
965 1299 1012 1370 ut,
1036 1294 1217 1370 quicumque

262 1384 272 1437 t
295 1385 377 1442 vitae
396 1382 444 1441 vel
462 1385 567 1442 mortis
586 1386 719 1458 eventus,
741 1404 801 1444 non
820 1388 991 1460 separatum
1010 1385 1147 1458 alterum,
1165 1383 1217 1442 sed

263 1490 361 1548 mque
385 1474 534 1531 inveniret
556 1473 683 1548 socium,
711 1477 872 1549 utrumque
895 1474 1092 1532 coniunctum.
1138 1475 1217 1531 certe

262 1578 290 1619 n
316 1562 493 1621 conveniens
516 1562 586 1619 huie
604 1562 670 1621 loeo
693 1565 887 1637 personant
909 1563 935 1621 is
953 1562 1082 1620 Acesten
1105 1562 1218 1620 diceret

262 1667 317 1707 em
336 1653 369 1710 in
389 1670 448 1726 que
468 1653 563 1709 omnis
581 1653 701 1726 paterni
718 1653 857 1726 neminie,
881 1653 972 1709 etiam
989 1652 1059 1726 post
1076 1651 1217 1709 ultimum

262 1784 286 1813 .‚
312 1760 372 1814 quo
391 1743 512 1800 recessit
527 1760 545 1798 a
559 1742 681 1816 superis
700 1739 827 1799 inlibata
846 1739 1014 1799 reverentia
1026 1740 1216 1815 perdurabat.

262 1846 270 1881 a
304 1834 335 1887 et
357 1830 433 1888 illud
456 1829 578 1889 Aenean
601 1830 774 1906 intellegere
801 1847 958 1904 possumus
987 1828 1108 1902 dixisse,
1139 1827 1218 1903 qued

264 1919 398 1977 nemine
420 1921 485 1976 tam
512 1922 628 1993 sancto,
657 1923 720 1977 tarn
746 1919 887 1997 religioso
910 1919 1039 1977 Acesten
1066 1917 1218 1992 appellare

262 2002 354 2082 isset,
378 2010 461 2066 euius
485 2008 635 2067 adlectum
657 2025 712 2066 neo
730 2025 809 2066 mors
834 2007 952 2065 abolere
974 2005 1075 2082 potuit
1096 2025 1150 2064 nec
1172 2007 1216 2064 vi·

262 2094 291 2153 1
314 2095 381 2154 finis
406 2098 585 2174 extinguere.
627 2115 699 2155 nem
721 2101 747 2155 te
768 2097 862 2154 coluit
882 2114 934 2154 rex
955 2111 1081 2169 maenus
1101 2093 1218 2168 Olympi

262 2200 309 2243 us
334 2189 475 2259 euectae
499 2192 621 2246 exemere
644 2188 747 2245 ducere
769 2187 921 2245 tenerent
948 2203 1013 2243 eece
1041 2186 1071 2243 et
1097 2184 1217 2242 111111-

262 2272 325 2330 tur
353 2274 424 2348 quid
453 2274 493 2333 sit
520 2294 614 2334 sume:
648 2276 794 2351 auspicio,
826 2276 939 2349 inquit,
971 2275 1113 2350 sagittae,
1141 2290 1218 2348 quae

262 2365 358 2420 ntino
383 2363 580 2441 conflagravit
601 2364 751 2439 incendio,
775 2364 906 2423 ostendit
929 2381 1054 2440 magnus
1079 2364 1109 2421 et
1131 2380 1217 2420 vene·

262 2448 307 2509 is
335 2451 471 2527 Iuppiter
502 2452 644 2512 honorem
673 2457 703 2513 te
736 2454 842 2512 ducere
875 2454 975 2528 potius
1008 2451 1126 2525 debere,
1158 2468 1218 2508 non

262 2533 348 2598 itum
371 2541 447 2599 ferre
470 2560 524 2600 nec
546 2543 693 2616 pertinere
717 2544 756 2602 ad
779 2542 923 2601 iudicium
946 2540 1049 2614 sortis,
1077 2540 1129 2599 sed
1155 2557 1218 2598 esse

262 2629 410 2687 randum.
461 2631 587 2706 denique
615 2650 683 2690 cum
710 2650 809 2690 errore
835 2631 966 2689 humane
995 2647 1104 2687 nemen
1131 2630 1219 2686 tuum

262 2731 291 2775 a
319 2738 386 2776 cum
414 2721 519 2777 ceteris
546 2722 719 2794 sustineret,
752 2740 811 2779 nen
836 2720 923 2779 existi
950 2719 985 2777 de
1014 2721 1105 2792 sorte,
1139 2716 1218 2791 quod

262 2809 299 2863 11
327 2808 438 2865 faveris
468 2808 539 2881 fuit,
572 2828 667 2884 neque
700 2812 778 2868 enim
810 2811 913 2867 tantus
945 2826 980 2866 ae
1009 2806 1080 2865 talis
1113 2806 1218 2865 ceteris

262 2898 328 2952 rari
355 2895 498 2971 debuisti,
530 2901 564 2955 ut
590 2898 713 2957 ludicris
741 2898 858 2957 aetibus
885 2897 1084 2972 probarentur
1110 2895 1218 2953 merita

287 2987 456 3043 reservatus
475 3004 505 3044 es
525 2988 617 3045 sacris
639 2986 737 3060 rebus,
760 2991 793 3045 ut
816 2986 902 3045 nobis
926 3003 979 3061 per
1001 2987 1087 3043 tuum
1105 2984 1218 3043 factum

262 3076 297 3130 ri
321 3075 464 3148 temporis
488 3075 642 3133 commoda
663 3078 908 3135 monstrarentur.
949 3076 1045 3147 111111
1062 3072 1273 3132 Amorraeus

271 3230 288 3277 1
306 3232 420 3294 prepter
438 3226 595 3295 religionem
612 3227 646 3293 R,
665 3227 715 3280 sed
733 3226 763 3279 in
781 3242 869 3295 marg.
887 3225 1031 3297 reliyieeie
1048 3241 1133 3279 eausa
1147 3250 1181 3269 =
1196 3222 1218 3276 L

262 3305 272 3343 Ξ
294 3313 331 3349 en
349 3299 399 3365 r?).
490 3303 507 3348 4
526 3298 622 3352 vitiose
641 3297 662 3350 L
680 3314 730 3352 rue
748 3297 781 3363 A,
800 3297 851 3350 sed
869 3296 900 3350 in
918 3313 1007 3365 marg.
1025 3297 1122 3350 vitiose
1145 3294 1219 3365 (ipse

262 3372 300 3435 tt)
320 3384 373 3420 om.
390 3367 433 3420 ed.
464 3370 467 3434 Ι
500 3367 549 3422 hec
567 3375 605 3421 eet
624 3368 735 3422 omed.
827 3373 887 3422 tet
905 3367 1018 3421 emed.
1110 3378 1175 3420 eee
1193 3364 1219 3417 R

281 3438 312 3491 L.
391 3443 679 3507 terruerimque-10
698 3445 806 3493 eventus
824 3437 877 3492 tle
895 3439 938 3492 ed.
1018 3442 1049 3491 11
1070 3442 1096 3490 et
1112 3443 1220 3491 utrum·

273 3509 315 3562 ed.
381 3515 414 3562 12
433 3510 476 3563 hie
494 3509 544 3561 LR
563 3511 608 3564 hic
625 3510 668 3564 ed.
688 3512 712 3565 is
730 3526 789 3563 nes.
851 3515 883 3562 13
901 3512 1017 3576 fratrem
1035 3507 1064 3560 L.
1126 3511 1159 3559 14
1177 3523 1218 3560 re·

262 3579 280 3632 11
299 3599 317 3634 a
335 3582 441 3648 superte
455 3580 507 3633 LR
525 3583 635 3635 arcesse
652 3582 690 3635 ed
707 3597 819 3649 superos
838 3579 880 3633 ed.
962 3585 996 3633 le
1010 3595 1158 3648 pessumus
1175 3578 1221 3630 ie·

262 3667 323 3774 nege
341 3651 374 3704 κ’
412 3727 447 3776 aa
466 3651 768 3777 aalpgrtte'erdueeeregg
787 3652 884 3778 affl
900 3652 1003 3777 gerelm
1025 3649 1220 3775 lllpnlib'

262 3739 296 3848 ΝΞ
314 3765 386 3863 ,(ίρεθ
405 3808 442 3845 an
461 3739 535 3863 Γ1311
562 3742 574 3776 1
597 3738 612 3776 1
635 3764 640 3776 .
789 3740 818 3778 ee
945 3740 1012 3776 1111
1077 3738 1107 3774 m
1191 3736 1220 3789 g.
