3250 4350
706 430 889 485 ADNEIDOS
908 431 933 484 V
1268 431 1333 495 477

318 602 396 658 riam
423 600 587 675 deprimere
615 599 717 658 debuit
744 603 867 674 propter
890 601 979 657 amici
1001 599 1201 658 miserabilem
1224 618 1333 659 casum.

318 690 446 762 diattqae
474 694 499 748 et
520 690 637 762 praetia
664 705 730 747 roae
753 689 883 746 diremit:
914 690 1059 764 quantum
1082 691 1182 763 potuit
1203 689 1334 748 iubentis

319 779 491 853 auctoritas
510 779 575 837 sola
598 777 779 853 diremptum
802 779 848 837 est
870 795 942 836 voce
965 777 1044 852 quod
1066 797 1176 854 magno
1198 778 1334 837 incendio

318 868 475 926 irascentis
504 870 534 925 et
561 868 661 925 furere
683 866 902 925 flammaverat!
949 871 995 926 ast
1016 867 1101 925 tttwm
1122 868 1178 938 fiat
1200 868 1335 941 aequales

286 975 416 1031 syeaaa
434 973 524 1030 aegra
543 958 701 1015 trahentem
718 957 929 1028 laetantemque
946 959 1067 1029 atroque
1084 960 1173 1028 rapat
1190 973 1334 1015 crassam-

319 1063 375 1118 que
398 1063 529 1104 errrorera
551 1063 600 1103 are
623 1045 804 1103 reteetaatera
826 1045 986 1116 ratatasqae
1007 1047 1040 1102 ta
1061 1047 1206 1118 samariae
1228 1046 1389 1103 deateslto

318 1135 430 1192 daeaat
453 1135 492 1192 aet
514 1137 602 1193 aarts
622 1134 793 1207 paleamque
817 1151 967 1206 ensemque
984 1135 1079 1192 rotati
1097 1135 1252 1206 aeetptaat,
1265 1135 1334 1207 pat-

319 1240 400 1281 raam
431 1224 547 1282 Eatetto
567 1221 758 1295 *raramque
793 1222 976 1295 rettaqaaat:
1012 1240 1079 1281 eum
1114 1223 1188 1282 haee
1218 1222 1335 1282 Aeneas

321 1311 457 1386 dixisset,
490 1331 558 1371 eum
583 1313 811 1386 interposuisset
837 1313 1001 1369 terminum
1028 1331 1160 1388 pugnae,
1189 1312 1336 1371 duxerunt

276 1422 305 1463 ia
320 1401 390 1459 inde
418 1401 506 1460 amici
534 1402 579 1458 sui
607 1401 707 1459 Daren
736 1399 901 1474 adflictum,
933 1401 1101 1460 trahentem
1133 1421 1231 1478 genua
1260 1403 1335 1458 tam·

321 1510 412 1564 quam
439 1491 542 1549 morbo
571 1509 673 1566 aegra,
706 1508 784 1564 quae
810 1491 902 1564 paulo
931 1494 1000 1548 ante
1028 1491 1119 1548 fortia
1146 1491 1278 1564 fuerant,
1306 1494 1337 1549 et

320 1579 444 1637 deiectis
466 1598 545 1637 nune
567 1579 644 1636 hane
667 1597 745 1636 nune
768 1580 798 1635 in
824 1579 916 1636 aliam
933 1583 1051 1653 partem
1070 1579 1243 1653 cervicibus,
1263 1597 1336 1654 quas

320 1670 353 1726 in
377 1669 490 1726 eaelum
515 1667 653 1742 superbia
676 1666 791 1725 ferebat
816 1669 846 1724 et
869 1668 962 1739 fastu,
989 1686 1178 1744 crassumque
1203 1687 1337 1727 eruorem

321 1776 389 1815 eum
412 1756 550 1814 dentibus
573 1756 676 1814 fractis
700 1775 735 1814 ex
759 1773 808 1814 ore
831 1755 1012 1815 fundentem.
1054 1756 1091 1815 ad
1115 1760 1201 1815 naris
1225 1758 1338 1815 ducunt

279 1845 408 1919 redixit,
431 1849 465 1903 ut
487 1847 560 1903 ferri
582 1847 683 1920 potius
707 1865 742 1902 en
764 1848 851 1920 parte
873 1848 902 1903 et
920 1846 1001 1903 trahi
1020 1865 1055 1904 ex
1073 1849 1158 1920 parte
1177 1846 1336 1904 videretur.

321 1936 422 1992 vocati
450 1954 519 1992 vero
548 1937 724 2010 acceperunt
750 1935 917 2008 praemium
940 1933 1057 2008 Dareti,
1086 1937 1227 2009 quoniam
1255 1935 1337 1993 ultro

321 2022 396 2081 vieti
423 2023 551 2082 hominis
580 2026 687 2082 sortem
716 2022 824 2098 puduit
850 2023 1010 2097 postulare.
1056 2023 1189 2098 palmam
1217 2024 1337 2083 Entello

321 2116 500 2190 taurumque
524 2112 708 2189 relinquunt:
739 2112 872 2188 palmam
894 2113 1010 2170 interea
1033 2116 1063 2169 et
1085 2116 1207 2170 taurum
1230 2113 1338 2171 victori

322 2203 443 2260 Entello
471 2203 664 2277 reliquerunt.
710 2204 823 2277 quanto
852 2202 932 2260 istud
958 2221 1026 2260 eum
1049 2202 1150 2260 dolore
1174 2204 1338 2261 amicorum

279 2313 308 2352 ro
322 2290 443 2349 Daretis
466 2291 577 2349 factum
602 2291 657 2349 est!
695 2290 800 2349 ducere
823 2290 973 2350 hominem
990 2292 1113 2365 vietum,
1132 2291 1259 2349 debilem
1277 2294 1338 2349 tra-

322 2380 406 2454 here,
430 2380 562 2455 aeeipere
585 2379 781 2439 ludibriosum
804 2380 927 2454 donum,
951 2380 1092 2458 gloriam,
1116 2380 1248 2456 palmam
1271 2399 1338 2438 eum

322 2471 411 2526 tauro
435 2470 602 2544 relinquere
626 2469 786 2527 commodis
810 2470 841 2526 et
859 2470 959 2528 titulis
978 2470 1101 2542 inimici,
1119 2469 1205 2527 illam
1224 2470 1339 2529 scilieet

322 2558 456 2633 palmam
483 2578 573 2632 quam
600 2558 728 2632 putabat
756 2576 787 2616 se
816 2556 993 2633 adepturum
1017 2558 1121 2632 Dares,
1147 2577 1215 2616 eum
1238 2558 1338 2616 nullus

324 2649 454 2705 certator
476 2647 627 2720 existeret,
656 2649 686 2705 et
708 2649 842 2721 taurum,
866 2666 955 2723 quem
978 2666 1069 2706 eamn
1092 2649 1243 2721 tenuerat,
1271 2666 1339 2705 cum

282 2756 309 2795 as
324 2754 356 2795 se
379 2737 514 2809 putasset
536 2736 694 2794 invictum!
730 2737 776 2794 lte
798 2737 889 2795 vietor
910 2753 1055 2808 superans
1073 2738 1181 2794 aatrats
1200 2740 1340 2809 tauroque

323 2825 479 2897 superbas,
513 2824 649 2882 Entellus
677 2825 773 2902 gloria
800 2827 920 2883 evectus
948 2830 979 2883 et
1006 2827 1151 2900 praemio,
1184 2830 1253 2884 aare
1283 2826 1338 2885 dea

324 2929 429 2984 rosque
451 2915 529 2979 taes,
548 2916 651 2986 taqatt,
671 2914 836 2986 aoqaosette,
855 2914 969 2981 Teaerr',
990 2918 1016 2973 et
1036 2916 1109 2973 ratbr'
1127 2932 1202 2987 qaae
1219 2916 1393 2987 faerr'atttb

323 3002 455 3060 iareaatt
476 3004 509 3060 ira
533 3018 650 3075 corpore
672 3004 749 3061 atres
773 3007 799 3061 et
815 3021 875 3076 aaa
892 3006 1011 3062 serratas
1028 3007 1193 3062 revocatam
1212 3022 1232 3063 a
1249 3008 1340 3062 marte

270 3108 272 3114 ’
325 3092 454 3173 Dareta:
486 3093 516 3149 et
538 3093 585 3164 tu,
608 3090 721 3166 inquit,
744 3091 859 3166 Aenea,
885 3095 915 3149 et
938 3111 1004 3165 voe,
1028 3092 1163 3166 Troiani,
1191 3112 1226 3150 ex
1255 3112 1341 3168 prae·

284 3181 403 3240 essenti
436 3181 529 3253 facte,
562 3179 640 3255 quod
672 3199 740 3238 mox
771 3182 935 3255 proferam,
971 3181 1138 3259 intellegite
1175 3182 1272 3256 qualis
1308 3183 1341 3239 in

399 3390 413 3437 6
433 3386 603 3439 retectuatera
612 3385 664 3438 LR
674 3385 717 3437 ed.
733 3383 767 3438 ef.
779 3384 821 3437 ed.
832 3384 915 3438 Ribb.
971 3391 988 3439 8
1001 3387 1119 3440 relieaat
1131 3386 1161 3438 L.
1218 3390 1250 3438 12
1269 3387 1342 3439 barre

326 3456 351 3509 R
369 3457 422 3509 bae
440 3455 461 3507 L
484 3457 556 3509 harae
573 3472 637 3520 n0s3
665 3458 770 3509 temere
787 3458 857 3509 mut.
876 3457 919 3509 ed.
994 3463 1027 3510 13
1045 3459 1151 3511 saetam
1168 3456 1220 3508 nn
1238 3457 1342 3510 eaelum

324 3534 409 3581 natea
428 3526 471 3579 ed.
488 3528 492 3597 l
511 3528 602 3593 fastus
621 3527 664 3579 ed.
726 3532 758 3580 16
777 3526 891 3581 Daretis
905 3527 937 3580 Il.
999 3534 1032 3581 19
1052 3528 1164 3582 Eatelta
1182 3530 1343 3595 relinquant

324 3600 351 3651 R
370 3615 439 3651 eom.
454 3615 475 3649 r.
555 3604 587 3651 21
607 3599 724 3669 gloriam
738 3598 863 3666 palmam
881 3599 903 3651 L
921 3600 1025 3669 gloriae
1038 3600 1163 3667 palmam
1181 3599 1207 3651 R
1224 3600 1343 3669 gloriam

321 3671 435 3740 palmae
453 3668 496 3721 ed.
569 3674 604 3722 25
625 3670 727 3723 areimis
750 3670 907 3723 atramento
924 3669 1150 3739 superscriptum
1169 3669 1199 3722 in
1218 3670 1240 3722 L
1263 3686 1341 3738 sapa

323 3757 395 3797 rans
417 3740 520 3793 animis
544 3756 596 3793 om.
617 3740 649 3794 R.
746 3745 779 3793 26
802 3741 892 3811 gloria
913 3743 1015 3795 evictas
1038 3741 1060 3793 L
1083 3741 1188 3811 gloriae
1209 3743 1295 3797 rtetar
1317 3739 1341 3793 R

323 3812 417 3885 gloria
435 3818 538 3866 ererars
556 3812 599 3865 ed.
673 3816 706 3865 28
726 3812 842 3866 iareatlr'
859 3812 903 3866 ed.
1329 3849 1331 3853 -
