3250 4350
650 433 833 488 AENEIDOS
852 432 891 487 III
1216 433 1283 498 313

264 604 368 662 dolens
397 606 516 679 ereptae
543 603 600 663 sibi
628 604 742 676 uxoris,
769 622 878 680 magno
905 621 1006 661 amore
1028 601 1091 661 eius
1115 602 1282 680 exagitatus

264 693 347 752 ultus
375 695 421 752 est
447 711 479 752 ae
506 695 537 752 et
564 692 603 751 ad
626 710 693 751 aras
716 693 830 766 patrias
853 693 1008 750 incautum
1030 693 1177 751 mactavit
1200 692 1283 751 adul-

263 785 371 840 terum.
417 781 473 840 hoc
504 782 585 841 fecto
617 799 774 855 eoquorum
804 781 920 839 reddita
952 781 1035 838 cessit
1056 798 1134 853 pars
1161 781 1282 848 Heleno,

264 870 482 942 quictamus
503 873 670 944 caecumine
693 887 809 943 compos
830 868 1047 942 Cduoeiomque
1069 886 1182 928 omnem
1201 870 1336 928 Tro-336

238 962 335 1020 siano
354 978 374 1018 a
395 959 511 1019 dade
529 959 612 1019 ded
649 977 714 1018 ecce
736 959 857 1018 rettulit
880 977 938 1034 quo
957 957 1060 1018 ordine
1080 958 1118 1015 ad
1136 957 1282 1017 Helenum

264 1051 359 1108 etiam
389 1049 476 1126 regni
506 1051 640 1125 potestas
672 1049 854 1124 pervenerit,
890 1067 950 1123 qua
981 1050 1101 1124 sumpta
1133 1046 1283 1106 adfectum

263 1139 398 1197 retinens
421 1139 539 1213 patriae
561 1137 684 1215 gentilis
706 1139 830 1213 propter
852 1139 1017 1212 praesentis
1038 1135 1183 1211 temporis
1206 1136 1282 1194 sola·

265 1229 346 1286 cium
374 1229 406 1286 et
432 1227 571 1302 plurimis
598 1227 671 1285 loeis
700 1226 831 1285 Troiana
859 1225 972 1285 indidit
999 1228 1122 1284 nomina
1150 1227 1180 1284 et
1206 1225 1283 1283 hane

264 1319 387 1376 terram-
403 1313 567 1375 Chaoniam
591 1315 666 1374 dixit
687 1317 811 1391 propter
832 1315 1008 1374 memoriam
1032 1313 1169 1388 Chaonis,
1196 1333 1283 1389 quem

228 1425 251 1464 ro
265 1406 418 1464 constaret
439 1406 532 1465 fuisse
555 1405 726 1463 Troianum.
771 1403 972 1478 Perqdmaqde
994 1404 1180 1477 Iliacamque
1206 1405 1285 1477 ideis

263 1495 343 1568 dune
366 1494 481 1553 addidit
503 1511 613 1553 arcem:
635 1494 717 1552 ultra
739 1493 802 1552 eius
827 1512 862 1552 ex
880 1491 999 1552 Aeneae
1021 1511 1148 1568 persona
1171 1492 1285 1551 dietum

266 1586 312 1642 est
330 1573 427 1664 (497)
444 1582 591 1661 „effigiem
604 1582 719 1641 Xanthi
732 1581 912 1657 Troiamque
925 1581 1044 1656 videtis,
1059 1601 1149 1657 quam
1167 1585 1284 1641 vestroe

264 1672 364 1731 fecere
381 1666 506 1731 manus“
524 1674 555 1732 et
577 1690 668 1748 supra
691 1662 786 1752 (302)
809 1675 900 1746 poeta
922 1670 999 1728 dixit
1016 1671 1105 1745 „falsi
1124 1670 1285 1730 Simoentis

265 1761 305 1820 ad
337 1761 451 1819 undam
482 1761 600 1821 libabat
632 1761 725 1820 cineri
757 1757 982 1819 Andromache“
1015 1763 1045 1819 et
1076 1760 1156 1818 infra
1189 1751 1283 1840 (349)

232 1868 252 1908 u
264 1850 385 1908 Aeneas
407 1850 487 1908 idem
510 1850 599 1909 dixit:
622 1848 795 1924 ‚‚proeedo“,
817 1851 926 1925 inquit,
949 1851 998 1923 „et
1020 1868 1145 1924 parvam
1163 1848 1284 1906 Troiam

264 1939 469 2014 simulataque
496 1941 613 2017 magnis
640 1938 787 2016 Pergama
815 1942 846 1997 et
873 1940 1007 1997 arentem
1033 1938 1147 1996 Xanthi
1176 1956 1283 2014 eogno-

262 2030 346 2087 mine
370 2028 468 2087 rivum
492 2046 620 2105 agnosco
645 2027 813 2102 Scaeaeque
837 2027 1002 2104 amplector
1024 2028 1130 2085 limina
1152 2023 1284 2101 portae“.

262 2119 315 2177 aed
339 2118 393 2177 tibi
415 2120 466 2191 qud
489 2135 608 2178 cursum
630 2120 715 2186 cedd,
739 2134 814 2192 quoe
832 2119 898 2192 fcta
920 2117 1042 2177 dedere?
1074 2121 1128 2176 aed
1149 2117 1284 2190 quisdam

261 2211 406 2282 iquorem
423 2210 532 2267 uostris
550 2208 621 2267 deus
639 2208 755 2281 oppetit
773 2208 853 2266 oris?
884 2209 915 2265 et
933 2207 1114 2283 gratulantis
1134 2206 1169 2263 de
1188 2200 1284 2264 salute

226 2310 249 2355 ro
263 2316 300 2357 ac
324 2296 364 2355 de
387 2296 517 2356 adventu
541 2297 604 2355 eius
627 2295 778 2372 insperato
807 2299 853 2355 est
879 2296 948 2369 ista¹
964 2314 1022 2355 vox
1050 2298 1080 2354 et
1106 2294 1284 2371 inquirentis

263 2386 342 2462 quid
364 2386 463 2460 ipsum
485 2386 658 2461 provenerit
679 2403 757 2445 casu.
794 2384 918 2445 dicendo
939 2386 1005 2459 quis
1023 2384 1104 2457 deus,
1124 2384 1175 2458 qui
1193 2384 1284 2455 venti,

263 2493 344 2551 quae
377 2475 443 2533 fate
475 2473 606 2534 ostendit
637 2474 772 2533 divinum
804 2475 937 2533 extitisse
968 2473 1143 2532 beneficium
1174 2474 1208 2529 ut
1237 2472 1285 2529 illi

262 2566 391 2623 Aenean
413 2564 515 2622 videre
539 2564 706 2641 contigerit.
753 2565 824 2637 qdid
841 2581 920 2636 puer
937 2560 1107 2622 Asconius?
1129 2565 1285 2633 superatne

264 2658 291 2713 ed
315 2654 561 2712 desciturum?
589 2670 672 2725 quem
695 2653 748 2711 tibi
769 2654 831 2711 dom
856 2653 961 2711 Troia:
983 2651 1123 2728 religiose
1146 2649 1275 2724 quaesiit
1286 2653 1339 2702 340

218 2754 249 2800 ²s
264 2741 303 2801 de
323 2741 421 2799 salute
439 2742 524 2817 pueri
544 2741 596 2816 qui
614 2740 677 2800 eius
697 2744 774 2801 esset
792 2741 908 2819 adfinis.
946 2740 1063 2799 addidit
1081 2757 1170 2813 ecquo
1189 2742 1284 2797 tumen

259 2847 359 2905 puero
383 2834 424 2888 eet
447 2833 572 2889 amissae
595 2848 668 2889 euro
684 2831 841 2904 pareatis?
881 2831 949 2906 plus
972 2831 1052 2888 enim
1074 2830 1160 2905 pueri
1183 2831 1285 2887 ament

264 2921 393 2993 matres,
418 2919 528 2978 ideirco
552 2918 684 2994 quaesiit
706 2922 836 2995 quantus
860 2921 888 2976 ei
911 2919 997 2977 dolor
1019 2920 1097 2977 esset
1119 2917 1157 2977 ob
1179 2918 1285 2976 matris

264 3010 468 3069 amissionem.
508 3007 609 3082 ecquid
626 3009 658 3067 ic
677 3010 829 3081 antiquom
846 3010 981 3067 virtutem
999 3009 1168 3081 caducaque
1190 3008 1286 3065 virilia

265 3103 292 3158 et
310 3101 401 3170 pater
422 3096 540 3156 Aeneas
562 3101 589 3156 et
611 3099 776 3157 cormedus
798 3099 903 3156 ccedet
925 3097 1052 3155 Hector?
1090 3099 1286 3171 posteaquam

340 3254 404 3302 2ee
422 3265 476 3302 om.
492 3249 535 3302 ed.
603 3254 671 3301 7—8
690 3250 823 3303 solacium
841 3255 866 3302 et
884 3248 936 3301 LR
955 3255 979 3302 et
998 3265 1050 3301 om.
1067 3248 1109 3300 ed.
1175 3253 1207 3299 11
1228 3248 1286 3300 eius

266 3323 315 3389 (ee.
332 3335 481 3388 peredeum
501 3318 535 3373 cf.
557 3322 619 3389 248)
638 3321 720 3373 etiam
739 3320 797 3374 edF
816 3321 933 3374 ulterius
950 3337 971 3372 r.
1036 3324 1067 3371 12
1087 3320 1157 3372 detis
1175 3318 1227 3370 LIt
1245 3320 1284 3371 ei-

266 3392 337 3445 dete'a
356 3406 407 3444 nos
426 3407 479 3444 om.
495 3391 537 3444 ed.
638 3396 670 3444 15
690 3392 763 3445 dixit
780 3390 833 3443 LR
852 3391 894 3443 ed.
915 3390 1003 3444 deleri
1020 3389 1126 3444 malim.
1157 3392 1161 3458 Ι
1195 3390 1286 3456 inquit

266 3462 320 3515 LR
338 3462 468 3531 deqeeieue
486 3462 528 3516 ed.
548 3462 641 3530 iuquit
657 3468 684 3515 et
700 3480 758 3516 nos.
835 3468 867 3514 17
886 3479 1015 3532 eoqnoseo
1034 3461 1098 3531 ed!
1123 3461 1215 3514 limiae
1233 3459 1285 3512 LR

266 3551 337 3587 corr.
358 3534 402 3587 ed.
477 3537 510 3585 18
529 3533 578 3587 udi
596 3533 621 3586 R
640 3533 690 3588 tibi
708 3552 728 3587 r.
746 3536 750 3602 Ι
774 3534 859 3587 delere
878 3533 929 3586 LR
948 3534 1043 3587 dedere
1060 3550 1082 3586 r.
1157 3535 1189 3583 19
1209 3532 1285 3598 apol·

267 3606 359 3659 litoris
378 3603 431 3658 LR
449 3620 518 3658 corr.
536 3622 558 3657 r.
653 3609 684 3658 21
705 3606 765 3673 ipso
783 3623 804 3669 τ,
836 3607 839 3673 Ι
874 3605 989 3659 diceudo
1006 3603 1059 3656 aa
1077 3610 1102 3657 et
1120 3604 1146 3657 d.
1166 3601 1231 3654 edF.

267 3682 301 3730 22
320 3677 368 3730 ille
387 3674 440 3728 LR
462 3677 507 3729 dli
524 3694 538 3728 r
557 3675 600 3730 ed.
692 3681 726 3729 24
745 3676 863 3744 quemL
886 3693 969 3745 quam
986 3675 1019 3728 R.
1052 3677 1056 3742 Ι
1090 3674 1224 3741 quaesiuit
1247 3674 1286 3740 (et

266 3747 353 3816 infra)
373 3746 417 3801 ed.
491 3752 524 3800 25
544 3754 568 3801 et
586 3764 642 3815 quo
660 3747 700 3800 Lr
719 3754 744 3801 et
762 3764 832 3817 quae
850 3747 882 3802 R.
908 3748 912 3817 Ι
942 3752 1032 3800 tamen
1051 3745 1104 3798 Lu
1122 3761 1286 3813 ecquaenam

266 3819 310 3873 ed.
387 3822 421 3871 28
440 3819 550 3887 etquid
568 3817 628 3871 LR.
