3250 4350
672 427 856 483 ARNEIDOS
874 429 913 484 IV
1239 428 1305 493 393

287 600 336 671 ut,
355 614 430 657 ‘cum
457 597 561 674 regina
585 596 621 656 de
645 615 745 656 amore
769 615 835 657 meo
858 616 962 658 secura
985 601 1030 657 est
1053 601 1084 656 et
1101 597 1182 656 ‘nihil
1204 600 1306 672 sperat

289 685 368 761 quod
395 687 538 745 dilectum
566 687 781 746 coniunctionis
815 686 988 763 abrumpat,
1022 686 1121 745 aditus
1152 690 1303 762 temptem.

288 775 412 834 suadere
444 775 471 832 ei
504 777 688 835 contrarium
716 795 804 851 quem
835 776 881 836 vis
913 794 1024 854 magna
1055 776 1219 852 possederit
1251 793 1305 835 nec

287 864 384 922 ullam
411 865 612 940 persuasionis
639 866 786 923 rationem
814 864 963 940 admittit,
996 884 1084 941 quem
1111 866 1144 922 in
1171 864 1305 939 aliquam

260 953 496 1013 enecessitatem
524 953 624 1011 aliena
650 955 784 1028 potestas
812 955 1005 1029 animaverit,
1031 953 1087 1013 hoc
1111 953 1237 1028 denique
1261 955 1306 1011 est

288 1041 369 1117 quod
392 1060 483 1118 supra
507 1042 583 1100 dixit
605 1041 666 1100 heu
689 1041 762 1118 quid
785 1045 871 1120 agat,
899 1062 958 1120 quo
983 1060 1062 1102 nunc
1084 1042 1219 1120 reginam
1242 1059 1305 1099 am·

287 1130 353 1190 bne
380 1132 528 1189 furentem
556 1130 666 1189 audeat
693 1130 820 1191 adfatu?
849 1133 990 1207 quoniam
1017 1150 1102 1190 amor
1130 1149 1186 1190 nec
1214 1130 1306 1189 habet

288 1221 437 1279 rationem
452 1239 536 1279 suam
550 1238 607 1279 uec¹
619 1219 753 1279 admittit
767 1221 898 1280 alienam
914 1240 967 1281 noc
986 1221 1101 1299 cogitat
1118 1219 1177 1279 nisi
1194 1218 1228 1277 id
1246 1237 1305 1294 quo

288 1309 409 1367 ducitur
426 1328 481 1368 nec
498 1311 599 1384 potest
616 1311 726 1370 reicere
746 1309 824 1385 quod
843 1328 904 1369 non
922 1329 978 1370 sua
995 1311 1151 1369 voluntate
1166 1310 1304 1384 suscepit.

245 1419 274 1459 ιο
290 1402 321 1457 et
344 1417 421 1473 quae
444 1398 621 1458 mollissima
642 1398 726 1457 fandi
748 1402 898 1474 tempora:
923 1401 1038 1459 occasio
1062 1400 1173 1474 quippe
1191 1401 1305 1472 tempo·

288 1507 357 1544 rum
383 1489 416 1545 in
444 1488 540 1546 causis
568 1487 617 1546 vel
643 1489 770 1546 maxime
799 1486 968 1549 durioribus
991 1489 1154 1564 plurimum
1176 1486 1305 1562 prodest.

288 1578 342 1650 qai
359 1577 445 1634 retus
463 1576 559 1635 dexter
577 1575 695 1634 modas:
718 1576 955 1636 observationem
974 1579 1053 1635 enim
1073 1575 1213 1652 oportuni
1230 1578 1306 1634 tem·

287 1665 372 1742 pon‘s
400 1664 522 1723 dextera
549 1666 650 1723 omnia
676 1684 879 1742 prosperaque
902 1668 1060 1724 sectantur.
1107 1667 1186 1724 octus
1208 1681 1306 1724 ornnes

287 1754 411 1827 imperio
434 1754 503 1812 laeti
519 1757 630 1826 pareat
651 1771 687 1813 ao
708 1757 792 1813 iussu
814 1758 976 1830 facessunt:
1008 1755 1090 1814 solus
1113 1755 1229 1812 Aeneas
1252 1754 1359 1811 ιιι-295

245 1864 273 1905 rs
287 1844 370 1903 vitus
398 1842 559 1920 cogebatur
586 1843 625 1901 ad
651 1844 869 1921 navigandum,
896 1844 969 1919 quia
996 1841 1198 1902 commorandi
1225 1843 1305 1901 solus

287 1931 547 1990 habuitcausam.
593 1932 649 1990 hoc
673 1936 718 1992 est
742 1932 821 2006 quod
844 1933 976 1992 ostendit
998 1931 1121 1990 dicendo
1146 1932 1238 2005 ocius,
1268 1951 1305 1989 ne

288 2022 423 2079 mutaret
441 2021 568 2079 forsitan
586 2021 781 2096 voluntatem,
800 2022 827 2079 si
845 2040 929 2080 mora
947 2021 1148 2079 interveniret.
1179 2021 1305 2096 imperio

287 2112 405 2186 parent,
422 2109 563 2184 quoniam
581 2109 612 2167 id
630 2109 730 2168 fuerat
748 2111 862 2168 iussum
881 2109 962 2186 quod
980 2109 1116 2168 omnibus
1139 2109 1199 2168 fuit
1222 2112 1306 2186 opta·

287 2198 350 2257 bile
378 2201 409 2257 et
435 2198 569 2274 oportuit
595 2198 668 2257 fieri.
714 2199 788 2258 laeti
819 2201 920 2257 autem
951 2200 1007 2258 hoc
1038 2199 1202 2274 faciebant,
1235 2201 1307 2275 quia

246 2310 274 2349 ao
289 2291 395 2347 contra
422 2288 608 2347 voluntatem
636 2281 731 2363 apud
745 2287 956 2366 Carthaginem
983 2288 1175 2365 tenebantur,
1207 2292 1250 2362 et,
1280 2290 1306 2347 si

288 2396 349 2435 non
377 2395 431 2452 pro
457 2378 522 2435 loco
545 2376 768 2454 intellegamus,
795 2378 848 2437 ille
871 2380 917 2436 est
939 2381 1042 2455 gratus
1065 2378 1224 2437 cuiuslibet
1245 2380 1306 2436 ius-

290 2467 383 2525 sionis
394 2493 396 2497 <
407 2466 536 2524 effector*
551 2466 602 2540 qui
625 2468 792 2543 praeceptis
810 2466 909 2525 laetus
929 2466 1113 2541 obsequitur.
1150 2467 1205 2526 hoc
1225 2466 1306 2524 deni-

290 2574 347 2629 que
368 2557 398 2613 et
416 2554 572 2614 Terentius
590 2555 693 2633 tetigit
712 2555 836 2615 dicendo
859 2548 973 2636 (heaut.
988 2557 1018 2629 4,
1034 2557 1062 2629 6,
1079 2548 1112 2634 1)
1137 2555 1238 2629 „nulla
1261 2556 1307 2613 est

288 2648 354 2702 tam
380 2643 478 2701 facilis
506 2662 568 2718 res,
597 2646 669 2719 quin
697 2644 828 2704 difficilis
856 2647 913 2705 siet
938 2663 1028 2720 quam
1051 2643 1163 2701 invitus
1185 2641 1305 2702 facias“.

247 2754 274 2795 ae
290 2732 422 2792 officium
444 2733 523 2790 enim
543 2734 701 2809 conplendi
718 2735 880 2809 praecepti,
899 2735 926 2792 si
943 2734 1099 2792 voluntate
1118 2734 1306 2808 suscipiatur,

290 2825 322 2880 et
344 2822 479 2897 inpletur
502 2822 591 2881 facile
614 2825 645 2882 et
668 2841 735 2881 oum
757 2823 875 2881 laetitia
899 2822 1066 2899 perficitur,
1099 2821 1178 2897 quod
1205 2825 1306 2880 autem

290 2913 368 2989 gerit
395 2913 508 2970 invitus
536 2914 567 2970 et
594 2930 751 2971 onerosum
773 2912 922 2986 redditur,
948 2912 1084 2986 quamvis
1107 2913 1219 2969 natura
1241 2911 1306 2970 leve

290 3002 339 3073 sit,
359 3003 389 3058 et
411 3019 471 3058 non
494 3002 687 3060 conveniente
706 3001 855 3060 sententia
872 2999 908 3058 fit
925 3001 1013 3059 triste
1031 3018 1086 3059 nec
1103 3019 1157 3076 pro
1176 3000 1307 3059 iubentis

290 3089 445 3148 voluntate
472 3092 627 3149 tractatur.
675 3107 710 3147 ac
736 3091 819 3148 iussa
845 3090 1010 3149 facessunt:
1046 3090 1127 3148 iussa
1155 3089 1307 3148 effectibus

248 3200 275 3240 co
289 3178 472 3255 plenissimis
496 3179 645 3254 conplent,
663 3180 695 3236 in
713 3180 834 3238 tantum
851 3181 887 3238 ut
904 3180 981 3237 nihil
998 3178 1137 3237 videatur
1155 3180 1305 3238 omissum.

364 3385 431 3438 lde
447 3384 500 3437 LR
518 3401 587 3453 quae
604 3384 637 3437 de
656 3383 699 3436 ed.
755 3383 919 3439 idilectum
932 3383 984 3436 LR
1002 3383 1172 3437 dilectionem
1190 3380 1242 3448 ed,
1257 3381 1322 3433 sed·

290 3455 325 3509 of.
342 3462 367 3522 6,
378 3461 430 3508 236
445 3458 512 3521 et9
523 3460 565 3509 85.
640 3454 789 3510 sseadm
807 3454 1052 3509 LRetsaudeam
1070 3454 1112 3507 ed
1137 3453 1141 3522 Ι
1171 3452 1308 3520 quemvis

289 3545 393 3597 magna
407 3526 459 3579 LR
477 3498 588 3595 palando
602 3542 662 3579 eam
676 3527 718 3580 cis
731 3527 835 3581 amorio
852 3543 886 3580 m.
903 3525 968 3579 edF.
986 3530 989 3593 Ι
1005 3542 1054 3579 nec
1072 3526 1158 3579 ullam
1172 3523 1267 3576 LR-
1234 3548 1268 3556 —
1278 3525 1308 3575 et

291 3599 340 3666 qui
359 3597 466 3651 nullam
491 3596 525 3651 cf.
542 3601 601 3652 254.
626 3600 697 3664 8,30
716 3600 745 3651 et
762 3598 821 3651 ind.
840 3597 890 3651 lat.
905 3596 976 3651 Don.
991 3596 1043 3650 sub
1061 3612 1140 3665 pron.
1158 3594 1239 3647 relat.
1259 3594 1308 3661 qui

289 3671 397 3723 nullam
416 3669 458 3721 ed.
542 3674 576 3721 28
595 3669 741 3723 terrentius
758 3668 819 3722 LR.
897 3673 931 3721 26
950 3669 1110 3736 perficiatur
1127 3665 1291 3734 sperae

291 3741 432 3809 expuncta
451 3758 469 3794 a
486 3738 519 3792 R.
593 3744 628 3793 28
646 3756 681 3794 ee
699 3739 721 3792 L
738 3755 788 3795 rico
805 3739 831 3792 R
849 3738 892 3793 ed.
960 3744 994 3793 30
1013 3739 1177 3793 dividuntur
1193 3736 1247 3790 LR

290 3814 382 3866 mittat
382 3828 418 3865 ur
434 3827 449 3862 r
466 3812 593 3866 videatur
610 3828 661 3864 nos
680 3812 855 3881 relinquatur
873 3810 916 3866 ed.
