3250 4350
660 427 843 482 AENEIDOS
861 429 887 483 V
1218 429 1284 493 505

265 597 496 656 necessitatibus
520 599 590 656 suis.
631 598 705 657 haee
728 616 798 675 ergo
818 598 911 656 dabat
930 617 1073 674 responsu
1096 618 1172 673 quae
1191 597 1284 657 dieta·

264 685 321 744 bnt
351 685 543 744 adversorum
576 688 669 745 ratio:
701 687 746 745 oet
777 704 853 760 qnae
879 687 1064 759 portenderet
1094 689 1144 747 tro
1174 705 1285 761 moeno

265 775 353 833 denen
382 776 426 834 oet
448 791 523 847 qnae
549 776 680 848 sotornm
697 779 830 849 posceret
856 776 943 846 nnn
979 775 1093 834 sciebat
1120 775 1200 834 enim
1223 777 1284 835 elie

265 863 352 938 sequi
375 883 618 940 unumquemque
645 884 706 923 non
734 863 854 939 debere,
882 883 919 924 ne
947 864 1174 924 adversantibus
1203 866 1285 939 fetis,

231 953 339 1014 edum
367 953 487 1027 nititur,
516 955 678 1029 superetur.
729 970 884 1028 speremus
917 971 987 1031 ergo
1018 955 1111 1012 istum
1143 954 1285 1012 daturum

265 1045 372 1100 eontra
395 1060 480 1101 eesus
504 1043 668 1101 remedium
691 1046 723 1101 et
741 1045 914 1102 seeutmum
931 1044 1063 1102 fetorum
1081 1062 1209 1117 cursum,
1233 1045 1285 1118 qni

266 1131 359 1188 aliem
381 1133 414 1189 in
437 1134 555 1206 partem
582 1133 715 1207 perverti
742 1151 802 1190 non
829 1134 937 1207 potest.
982 1134 1065 1204 tenne
1093 1133 1138 1191 ns
1161 1130 1285 1192 Aeneon

263 1221 377 1278 sototns
404 1221 522 1280 ooettns
548 1223 630 1293 infit:
659 1239 777 1280 necesse
806 1223 886 1280 enim
914 1222 1014 1280 fueret
1043 1221 1125 1280 refici
1152 1222 1285 1281 consola-

264 1308 399 1367 tionibus
414 1311 611 1384 aestuantem,
634 1312 669 1367 ut
683 1309 787 1368 audire
806 1309 970 1368 remedium
988 1313 1097 1386 posset.
1133 1310 1203 1369 note
1220 1311 1283 1378 deo,

218 1420 248 1461 io
265 1415 323 1471 qno
355 1399 421 1470 soto
452 1399 573 1456 trotnnt
602 1400 811 1472 retrotnntqne
839 1416 1015 1473 seqnonnr:
1046 1401 1184 1473 qnoqnto
1213 1402 1341 1468 eritne

264 1487 439 1560 snperonoto
462 1489 556 1546 omnis
579 1490 700 1561 fortnna
717 1489 838 1562 serendo
857 1493 912 1547 est:
934 1488 1008 1547 duas
1027 1489 1191 1548 sententies
1210 1488 1286 1547 dixit

267 1595 346 1651 quae
377 1578 460 1634 uetus
490 1576 646 1635 hominum
675 1579 812 1652 teneant,
845 1595 920 1653 quas
947 1579 1007 1636 nisi
1036 1579 1104 1653 quis
1135 1580 1285 1653 sequatur,

266 1664 382 1724 errabit
398 1683 514 1740 semper
527 1684 582 1724 nee
597 1666 705 1743 egendi
719 1668 869 1725 rationem
884 1685 973 1741 quarn
989 1667 1142 1726 commode
1157 1667 1283 1743 amplec-

264 1755 353 1813 tetur
374 1756 515 1813 inveniet.
561 1754 617 1813 hee
642 1774 825 1830 quemquem
848 1756 887 1813 nd
909 1755 1028 1814 Aeneae
1051 1774 1172 1814 eausam
1194 1758 1285 1831 perti-

218 1866 247 1907 re
265 1862 339 1902 nere
362 1843 535 1918 uideantur,
564 1847 664 1902 tamen
687 1844 855 1920 sequendae
879 1847 949 1902 sunt
971 1845 1109 1903 omnibus
1138 1863 1212 1920 quos
1235 1844 1286 1903 ed·

264 1950 356 1991 versa
378 1934 589 2009 percusserint.
635 1934 754 2010 agimur
781 1932 861 1991 enim
888 1933 961 1991 fetis
989 1937 1020 1992 et
1047 1952 1147 1992 snmus
1174 1934 1286 1993 idcireo

265 2023 384 2080 alienae
408 2024 554 2097 potestati
582 2022 721 2081 subieeti:
748 2022 874 2097 proinde
901 2021 986 2097 sequi
1013 2040 1131 2081 neeesse
1159 2026 1204 2082 est
1228 2042 1286 2098 quo

266 2129 417 2188 quemque
440 2111 505 2170 tnta
527 2111 740 2188 pertraxerint,
764 2110 1010 2170 consentiendum
1035 2130 1166 2188 rursum,
1195 2112 1221 2170 si
1249 2112 1286 2171 ab

265 2220 303 2259 eo
323 2201 503 2260 retraxerint
522 2219 580 2277 quo
599 2202 696 2275 primo
716 2201 924 2276 perduxerant.
957 2200 1029 2275 quid
1049 2200 1128 2259 enim
1146 2202 1285 2278 prodesse

218 2314 248 2355 ιο
264 2292 394 2367 poterit,
425 2292 451 2348 si
475 2290 616 2349 adversus
639 2309 675 2349 eu
697 2289 852 2349 oboriatur
873 2291 1033 2349 reluctatio
1061 2310 1136 2366 quae
1165 2290 1287 2350 nitendo

265 2381 407 2455 superari
430 2397 489 2438 non
513 2378 658 2456 possunt?
687 2380 762 2439 bene
784 2378 886 2455 posuit
913 2380 1038 2438 trahunt
1066 2382 1096 2437 et
1118 2398 1285 2454 sequamur.

265 2470 323 2546 qui
346 2470 426 2527 enim
440 2472 613 2543 sequentem
626 2469 722 2528 trahit
744 2469 849 2546 procul
868 2468 959 2527 dubio
983 2467 1153 2527 ostenditur
1171 2470 1288 2543 fortior,

265 2557 348 2617 unde
370 2575 489 2617 neeesse
513 2562 558 2616 est
580 2560 673 2616 etism
695 2558 827 2616 invitum
850 2560 936 2632 sequi
959 2557 1011 2632 qui
1029 2557 1196 2633 potioribus
1214 2559 1287 2638 nisi-

264 2649 324 2706 bus
348 2650 513 2723 superatur.
560 2664 727 2723 sequemur,
755 2647 868 2722 inquit,
897 2646 1043 2722 quiequid
1066 2647 1137 2721 erit,
1163 2647 1219 2705 hoo
1243 2650 1289 2705 est

218 2759 246 2801 rt
265 2739 333 2794 sive
355 2736 479 2794 trahent
502 2735 564 2794 sive
587 2735 744 2795 retrahant
766 2737 840 2794 feta.
885 2736 959 2794 heee
982 2738 1028 2795 est
1049 2754 1110 2793 una
1138 2735 1288 2795 sententie

264 2842 346 2901 quae
370 2824 520 2900 sequenda
542 2826 601 2899 eet,
629 2842 698 2884 eum
725 2825 790 2883 fate
813 2828 869 2883 ant
891 2824 998 2883 volunt
1020 2823 1136 2899 aliquid
1159 2827 1212 2883 snt
1234 2844 1287 2883 no-

264 2915 345 2986 lunt,
369 2914 429 2972 alie
452 2932 522 2972 vero
546 2915 592 2971 est
614 2932 691 2990 quae
715 2913 857 2973 adversus
880 2914 961 2972 melu
984 2915 1150 2973 necessaria
1173 2915 1230 2987 est,
1252 2917 1289 2973 ut

265 3003 396 3062 adverse
418 3001 541 3061 ferendo
569 3004 671 3077 potius
700 3022 791 3078 quem
818 3003 982 3063 resistendo
1004 3004 1172 3062 vincantur.
1217 3004 1288 3061 huie

265 3092 434 3151 sententiae
449 3094 479 3150 et
493 3091 675 3151 Terentiana
689 3083 795 3171 (Andr.
812 3094 841 3166 2,
857 3095 886 3166 1,
901 3085 936 3172 5)
954 3092 1103 3151 consentit
1121 3092 1203 3151 diets
1219 3093 1287 3151 eliis

218 3206 246 3249 no
263 3180 376 3254 verbis,
399 3184 497 3239 mente
515 3183 616 3239 temen
640 3180 757 3239 eedem:
780 3179 945 3256 „quando“‚
963 3182 1071 3256 inquit,
1089 3200 1167 3255 „non
1189 3183 1289 3256 potest

342 3390 358 3437 2
382 3391 406 3439 et
429 3402 499 3454 qnae
517 3385 690 3454 portenderet
712 3385 765 3439 LR
787 3386 831 3441 ed.
860 3387 901 3440 oet
928 3404 998 3456 quoe
1021 3403 1050 3455 p.
1075 3386 1118 3439 ed.
1142 3387 1214 3454 post.

265 3464 283 3511 3
310 3455 377 3511 ordo
401 3473 454 3511 om.
475 3473 540 3511 eum
563 3458 656 3525 spatio
680 3460 814 3526 quettuor
836 3456 994 3511 litterarum
1018 3457 1039 3510 L
1063 3457 1124 3510 sine
1147 3456 1240 3525 spatio
1262 3455 1288 3508 R

264 3530 311 3583 vis
330 3527 449 3581 inseruit
465 3546 486 3582 r.
580 3529 794 3597 tsoetornonR
818 3546 887 3583 eorr.
906 3547 927 3583 r.
1020 3529 1148 3597 'Itisqne
1165 3529 1209 3581 ne
1227 3527 1287 3581 LR.

342 3602 358 3651 8
377 3599 472 3654 solatis
492 3598 544 3652 LR
563 3616 632 3654 eom.
651 3618 672 3653 r.
747 3605 780 3654 10
799 3617 883 3670 seqno
901 3600 923 3653 L
941 3616 969 3654 se
986 3600 1013 3653 R
1030 3616 1177 3668 sequamur
1193 3618 1215 3652 r.

268 3677 304 3725 16
323 3671 407 3737 foetis
424 3670 453 3723 L.
545 3676 580 3724 20
597 3672 698 3739 poterit
716 3671 741 3724 e
759 3675 831 3726 -re'nt
848 3672 870 3725 L
888 3677 969 3726 nunt
987 3671 1030 3725 ed.
1122 3676 1155 3724 21
1174 3685 1277 3739 erepere

265 3744 308 3797 ott
326 3741 352 3795 R
371 3743 410 3795 -n'
427 3759 448 3797 r.
475 3743 479 3813 Ι
505 3749 624 3811 posennt
640 3742 694 3795 th
712 3741 754 3796 ed.
771 3744 880 3811 possint
898 3760 919 3796 r.
994 3747 1028 3796 29
1047 3742 1218 3796 terrentiano
1235 3737 1273 3794 L]

265 3831 338 3869 oorr.
357 3830 379 3867 r.
