3250 4350
673 419 880 475 PRAEFATIO
1159 419 1289 474 mvn

262 589 380 648 saeculi
402 588 467 661 XV,
491 589 624 648 continet
645 588 738 648 libros
760 588 871 648 I-VI
892 591 965 648 275.
1002 589 1111 665 incipit
1133 589 1170 648 ab
1195 588 1288 663 „llos“

263 679 363 753 spatio
396 677 437 736 ad
464 676 685 755 depingendam
711 679 723 735 i
750 678 866 739 relicte.
912 679 1035 738 lacunae
1062 679 1095 736 in
1122 681 1230 753 quarto
1258 681 1289 738 et

266 769 348 825 sexto
375 765 496 825 eaodem
523 770 594 825 sunt
621 769 713 842 atquo
736 767 768 824 in
790 765 894 826 LRV.
941 768 1097 827 certiorem
1120 787 1167 826 me
1190 767 1226 825 de
1249 768 1288 826 iis

267 855 338 915 fecit
359 873 413 931 per
436 855 553 914 litteras
576 857 700 932 rogatus
722 857 770 914 vir
794 855 985 916 doctmsimus
1009 855 1153 935 Ooggiola
1181 857 1287 916 biblio·

267 944 423 1023 thecarium.
457 975 500 984 -
532 943 724 1004 Parisinus
759 943 961 1006 bibliothecae
993 947 1156 1005 rationalis
1192 947 1287 1019 7957,

267 1033 456 1104 chartaceus,
485 1033 626 1093 folionum
650 1034 728 1111 209,
757 1034 887 1110 scriptus
915 1053 993 1093 anno
1019 1036 1121 1107 1461,
1154 1034 1288 1094 continet

266 1121 360 1182 libros
384 1121 487 1196 I—V,
513 1123 668 1198 incipita
694 1121 792 1181 verbis
820 1125 908 1199 „post
933 1123 1003 1182 illos
1030 1121 1099 1199 qui“
1122 1122 1155 1181 in
1182 1141 1287 1182 rasura

267 1210 311 1270 ita
334 1211 453 1287 positis,
467 1213 630 1286 iut=primo
652 1211 740 1289 „illos
763 1209 834 1286 qui“
857 1213 1002 1287 scriptum
1019 1212 1118 1278 Δ111111
1136 1211 1287 1284 videatur,

265 1318 336 1358 nam
364 1298 454 1375 „qui“
482 1319 560 1362 nunc
588 1319 678 1376 supra
706 1301 818 1360 lineam
845 1300 989 1376 scriptum
1018 1304 1078 1376 est3
1114 1300 1224 1364 desinit
1255 1303 1288 1359 in

265 1389 452 1465 „sepultores
481 1390 616 1453 inuenire
643 1408 703 1452 uon
729 1388 848 1465 posset“
878 1391 911 1464 5,
932 1391 1004 1449 871.
1024 1448 1026 1452 ,
1050 1391 1190 1448 lacunam
1217 1388 1288 1448 libri

265 1478 516 1553 quarti-eandem
538 1477 743 1554 habetquam
761 1479 827 1537 LR.
849 1511 891 1518 ——
916 1478 1105 1537 Parisinus
1128 1478 1286 1543 bibliothe-

263 1585 317 1627 eae
341 1567 504 1626 nationalis
530 1568 629 1641 7958,
656 1567 919 1641 membranaceus,
935 1568 1049 1628 formae
1073 1566 1209 1644 grandis,
1237 1568 1287 1626 lit·

265 1655 341 1715 toris
364 1655 534 1717 initialibus
556 1657 646 1732 pictis
671 1655 789 1732 alioque
812 1659 921 1719 ornatu
947 1656 1118 1731 decoratus,
1147 1657 1287 1715 foliorum

266 1745 344 1818 161,
367 1745 476 1804 saeculi
497 1744 562 1818 XV,
575 1745 718 1807 continet
739 1745 832 1804 libros
850 1744 998 1804 Vl-XII
1021 1765 1039 1804 a
1063 1746 1171 1820 6,158
1196 1747 1287 1820 „quia

263 1830 578 1908 quemperdidaseff
606 1852 699 1908 usque
727 1833 765 1891 ad
795 1836 846 1906 12,
868 1836 930 1893 952
961 1834 1204 1909 „matrimonium
1238 1833 1286 1892 de-

262 1920 419 1981 bebatur“.
456 1923 578 1982 lacunas
597 1922 681 1996 sexti,
700 1923 829 1999 septimi,
849 1925 949 1986 octavi
968 1923 1040 1983 libri
1058 1923 1178 1983 easdem
1196 1922 1288 1982 habet

261 2029 342 2086 quas
369 2011 407 2084 V,
439 2013 594 2087 praeterea
625 2012 733 2072 desunt
764 2013 1027 2087 interpretationes
1058 2014 1129 2087 post
1164 2012 1197 2084 9,
1223 2013 1283 2071 771

260 2099 379 2175 ,111111
410 2097 518 2176 caput“
549 2118 642 2176 usque
675 2101 713 2158 ad
745 2102 794 2176 10,
822 2103 883 2166 121
918 2101 1018 2176 „ribus
1050 2099 1287 2159 defendebantur

260 2208 371 2249 earum
398 2188 585 2263 altitudine“,
617 2208 691 2266 quas
718 2192 750 2249 in
779 2190 879 2250 codice
906 2192 972 2266 ipso
1000 2191 1124 2265 periisse
1153 2192 1287 2266 apparet,

261 2278 333 2338 hiat
356 2278 436 2336 enim
457 2280 537 2337 inter
561 2278 612 2340 fel.
634 2280 709 2343 92Β,
729 2279 779 2337 fin.
799 2283 830 2337 et
854 2279 929 2337 93Α
947 2280 987 2337 in.
1013 2279 1180 2345 duodecimi
1207 2279 1287 2338 lacu-

261 2386 322 2426 nae
347 2369 515 2443 comparari
541 2370 705 2443 nequeunt,
733 2368 804 2444 quia
832 2370 965 2427 extrema
992 2368 1102 2429 codicis
1129 2387 1199 2443 pars
1227 2386 1286 2425 non

262 2456 356 2532 plena
389 2458 443 2516 est.
487 2475 560 2515 nam
590 2459 659 2533 post
691 2461 741 2533 12,
765 2458 826 2514 471
863 2457 923 2531 „sio
956 2458 1035 2516 enim
1067 2458 1120 2516 illa
1153 2455 1287 2515 dixerat“

261 2546 399 2621 primum
420 2563 491 2621 pars
515 2565 550 2603 ex
575 2547 625 2622 12,
646 2546 831 2620 195-471,
855 2564 951 2621 quam¹
974 2546 1114 2605 librarius
1143 2545 1204 2604 iam
1231 2562 1286 2605 suo

264 2635 333 2693 loco
366 2635 539 2710 scripserat,
570 2633 705 2709 sequitur
731 2635 859 2710 repetita
886 2634 989 2694 multis
1017 2636 1149 2711 omissis,
1181 2633 1286 2692 deinde

263 2724 477 2799 interpretatio
501 2742 520 2781 1
545 2724 594 2797 12,
614 2724 676 2782 471
702 2741 796 2798 usque
820 2722 864 2791 ad,
882 2724 946 2783 493
971 2724 1077 2797 „basta
1099 2720 1197 2796 tulit“,
1220 2725 1287 2782 tum

267 2814 321 2885 12,
342 2813 406 2870 932
439 2812 595 2885 „miserere
627 2802 699 2893 (sic)
732 2812 757 2870 si
791 2832 850 2887 qua
882 2813 1015 2888 parentis
1038 2844 1082 2852 -
1105 2810 1296 2886 debebatur“¹

268 2901 347 2973 952,
374 2903 525 2976 postremo
554 2900 668 2961 adnexa
695 2904 741 2961 111
767 2901 917 2977 particula
942 2904 992 2975 12,
1008 2902 1184 2959 423—434
1208 2919 1285 2974 „non

265 3008 361 3048 manu
382 2991 513 3052 tenentis
526 2990 672 3053 -dictis
697 3009 813 3065 quoque
838 2987 1032 3065 composuit“.
1072 2988 1192 3053 uidetur
1215 3008 1285 3067 ergo

265 3079 316 3137 hio
335 3079 412 3137 liber
430 3077 571 3138 Urbinati
589 3081 619 3138 et
637 3079 849 3144 Malatestiano
872 3077 971 3137 affinis
995 3096 1066 3154 esse,
1086 3078 1137 3138 sed
1160 3078 1285 3137 adiectis

265 3170 336 3242 post
360 3168 412 3240 12,
432 3169 493 3226 471
519 3166 713 3242 undecunque
740 3186 836 3242 noque
864 3166 927 3225 ullo
956 3167 1079 3227 consilio
1095 3168 1285 3243 interpreta-

266 3258 386 3315 tionum
413 3255 538 3315 laciniis.
584 3255 789 3315 Parisinorum
811 3254 955 3314 librorum
979 3256 1119 3315 notitiam
1148 3256 1286 3333 diligenti

267 3363 356 3403 curae
391 3344 481 3404 debeo
513 3346 571 3403 viri
601 3344 766 3409 doctissimi
792 3344 881 3402 Pauli
907 3342 1001 3420 Lejay
1029 3345 1214 3421 professoris.
1242 3376 1284 3385 -—

267 3434 392 3493 Praeter
414 3433 468 3492 hos
491 3451 564 3508 quos
588 3435 718 3492 tractavi
741 3433 855 3492 codices
878 3433 953 3491 mihi
976 3434 1096 3509 quidem
1120 3453 1155 3492 ex
1177 3432 1284 3492 biblio-

269 3524 422 3581 thecarum
452 3523 596 3600 catalogis
619 3522 719 3581 nullus
742 3521 884 3580 innotuit.
921 3521 957 3579 de
976 3522 1059 3581 Petri
1076 3521 1188 3580 Criniti
1208 3521 1286 3581 libre

269 3631 358 3670 manu
384 3610 494 3694 scripto
518 3630 610 3687 supra
632 3614 813 3670 mentionem
837 3611 901 3669 feei.
979 3643 980 3647 =

327 3700 400 3784 'Iam
412 3694 459 3758 (11
475 3699 655 3764 editionibus
675 3700 821 3783 agendum
841 3702 893 3761 est.
926 3701 1080 3780 epitomen
1099 3720 1170 3762 cum
1184 3698 1301 3761 iisdem

272 3806 303 3845 ac
317 3783 703 3856 LBVlacrmisLandinus
720 3789 819 3865 edidit
839 3791 1019 3872 Florentiae
1037 3796 1127 3859 1487
1153 3791 1319 3857 codidlnus
1398 3823 1403 3834 ·
