3250 4350
341 429 389 493 '66
624 427 764 482 DONATI
781 428 951 482 INTERPR.
970 426 1078 482 VERG.

346 602 413 657 rent
435 600 465 656 et
484 601 631 672 amarent,
655 597 811 657 suffecerat
829 599 910 656 enim
932 597 971 656 ad
993 599 1201 657 necessitatem
1217 596 1357 672 temporis

345 691 381 746 ut
409 706 427 745 a
455 686 687 765 cogitationibus
714 688 852 762 pessimis
879 689 1088 762 temperarent
1134 686 1216 763 quod
1244 687 1290 745 ait
1309 703 1357 761 po

347 779 482 850 nuntque
518 776 630 835 ferocia
661 775 755 835 Poeni
791 775 893 850 corda,
930 776 1071 834 meritum
1103 775 1168 834 eius
1200 774 1359 855 monstrari

346 865 444 924 voluit
466 867 701 941 propterquam
723 864 913 940 inpossibilia
936 865 1127 940 curabantur,
1149 867 1184 923 ut
1206 864 1289 923 mala
1311 864 1359 922 ho

347 955 462 1012 minum
492 956 603 1013 natura
633 955 798 1012 verteretur
830 956 862 1011 in
893 953 1016 1028 bonam,
1052 972 1112 1012 non
1148 954 1234 1013 iuxta
1266 954 1388 1013 omnies

346 1044 490 1116 homines,
513 1043 565 1102 sed
587 1044 674 1102 iuxta
696 1042 842 1102 Troianos
864 1043 1080 1102 tantummodo.

413 1131 469 1191 His
492 1133 572 1191 inter
594 1132 696 1191 Iovem
720 1134 750 1190 et
767 1131 915 1190 Venerem
937 1135 968 1190 et
990 1151 1044 1208 per
1065 1131 1250 1190 Mercurium
1271 1130 1361 1209 gestis

346 1220 425 1280 redit
452 1221 490 1280 ad
518 1241 554 1280 ea
581 1240 600 1280 a
627 1220 734 1296 quibus
756 1222 880 1279 interim
901 1225 1077 1296 recesserat,
1106 1220 1144 1279 ab
1170 1220 1226 1279 illa
1249 1219 1362 1280 scilicet

346 1310 466 1369 Aeneae
485 1309 666 1387 cogitatione
686 1329 747 1386 qua
765 1309 841 1368 dixit
860 1311 1038 1385 „praecipue
1061 1311 1130 1386 pius
1148 1309 1267 1370 Aeneas
1284 1326 1362 1367 nunc

347 1401 424 1459 acris
447 1396 554 1457 Oronti
576 1417 654 1456 nuno
676 1398 784 1474 Amyci
807 1417 909 1458 casum
932 1401 1027 1477 gemit
1049 1402 1080 1458 et
1102 1399 1237 1458 crudelia
1264 1417 1392 1458 secumo

346 1488 412 1547 fata
440 1487 514 1562 Lyci
541 1487 708 1563 fortemque
732 1485 819 1563 Gyan
845 1489 1014 1563 fortemque
1038 1485 1245 1548 Cloanthum“.
1291 1489 1362 1546 haec

347 1595 417 1654 ergo
440 1575 557 1635 Aeneas
580 1576 733 1653 cogitabat
756 1596 809 1652 per
832 1576 919 1635 diem.
965 1581 996 1636 et
1023 1579 1096 1653 quia
1122 1577 1199 1636 dixit
1226 1579 1276 1651 „et
1303 1577 1363 1636 iam

346 1665 414 1724 finis
437 1663 520 1724 erat“
542 1665 591 1724 vel
613 1665 743 1725 convivii
765 1667 815 1725 vel
837 1667 1008 1725 fabularum
1030 1666 1080 1725 vel
1101 1664 1188 1740 lucis,
1205 1666 1362 1724 videamus

346 1774 420 1829 quas
440 1753 657 1830 cogitationum
676 1773 760 1813 ouras
780 1757 872 1814 etiam
889 1775 943 1831 per
960 1757 1057 1815 noctis
1075 1760 1194 1830 tempus
1212 1754 1362 1829 habuerit,

347 1843 427 1918 quod
449 1844 549 1918 ipsum
572 1842 724 1901 laudabile
748 1847 793 1903 est
816 1845 899 1918 satis,
917 1845 944 1904 si
966 1847 998 1902 in
1020 1846 1068 1904 tot
1085 1843 1239 1903 laboribus
1257 1845 1290 1902 in
1310 1843 1392 1904 ali-u

347 1951 438 2007 quam
452 1934 584 2006 quietem
598 1932 678 1991 flecti
693 1952 754 1992 non
771 1934 872 2008 potuit
889 1953 943 1992 noc
961 1936 1034 1992 tunc
1052 1934 1161 1992 saltem
1178 1935 1363 2008 requiescere

347 2020 520 2080 dormiendo
544 2040 612 2081 oum
636 2022 780 2080 animalia
803 2025 904 2081 omnia
927 2024 996 2098 post
1018 2023 1232 2100 fatigationem
1250 2021 1362 2081 animo

346 2130 413 2167 rum
437 2112 648 2185 etcorporum
671 2111 828 2169 solvimtur
849 2114 882 2169 in
905 2130 1031 2171 somnos.
1070 2129 1211 2187 quaeres
1231 2110 1362 2170 ostendit

348 2202 460 2274 quanta
483 2218 554 2258 cura
576 2204 699 2258 tueatur
721 2200 873 2278 Vergilius
896 2202 1027 2275 Aenean,
1051 2203 1099 2260 cui
1121 2200 1252 2260 inventis
1281 2220 1361 2261 occa·

347 2288 479 2347 sionibus
503 2288 604 2348 omnia
626 2308 736 2367 genera
759 2290 906 2349 virtutum
929 2290 1022 2349 animi
1045 2290 1158 2350 scilicet
1181 2292 1211 2347 et
1230 2292 1392 2366 corporisro

347 2376 497 2453 adplicare
529 2398 589 2437 non
621 2382 724 2437 cessat.
777 2380 904 2455 denique
937 2380 1033 2438 solum
1063 2379 1165 2454 posuit
1196 2379 1361 2439 ascendisse

346 2470 478 2525 montem
502 2471 531 2524 et
553 2471 686 2526 montem
709 2469 890 2527 altissimum
913 2473 942 2527 et
965 2488 999 2527 eo
1025 2470 1167 2543 temporis
1196 2468 1360 2527 ascendisse

347 2575 405 2631 quo
430 2556 518 2614 ceteri
542 2555 652 2614 tabidis
676 2556 849 2632 corporibus
873 2562 902 2615 et
926 2558 1031 2616 solutis
1054 2557 1193 2616 iacebant
1215 2557 1248 2615 in
1266 2558 1359 2618 litore.

348 2663 413 2703 ecoe
438 2645 529 2702 etiam
551 2644 599 2703 hio
622 2647 703 2704 solus
726 2646 891 2705 utilitatem
914 2647 1047 2705 omnium
1070 2648 1192 2724 cogitat,
1216 2647 1298 2706 solus
1320 2646 1360 2705 vi-

347 2732 431 2810 gilat,
455 2733 536 2791 solus
561 2735 677 2810 agenda
699 2739 873 2810 pertractat,
897 2736 978 2795 solus
1001 2736 1040 2793 ad
1059 2754 1094 2793 ea
1113 2735 1280 2810 conplenda
1298 2753 1389 2811 per-ra

347 2841 414 2899 gere
438 2821 577 2895 disponit.

294 2915 345 2963 305
413 2908 456 2968 At
467 2912 541 2983 pius
554 2908 671 2970 Aeaeos
683 2931 740 2985 per
757 2918 868 2972 nodosa
881 2915 1015 2986 plurimo
1033 2915 1163 2972 ooloons:
1181 2913 1359 2973 removenda

347 3003 416 3057 sunt
448 2998 626 3074 interposita
658 3021 733 3076 quae
761 3001 863 3061 Venus
896 3003 934 3062 ad
960 3002 1063 3062 lovem
1091 3006 1121 3060 et
1150 3002 1189 3060 ad
1216 3002 1359 3062 Venerem

345 3087 483 3162 Iuppiter
510 3088 616 3148 habuit
643 3110 778 3166 quaeque
807 3090 843 3149 de
866 3090 1014 3151 Mercurio
1042 3091 1123 3150 dicta
1150 3095 1220 3150 sunt
1248 3094 1279 3151 et
1306 3091 1359 3151 erit

345 3197 406 3235 una
432 3180 579 3252 narratio,
610 3198 685 3253 quae
714 3180 835 3238 videtur
865 3181 904 3238 ad
932 3185 1049 3256 tempus
1077 3199 1140 3239 esse
1168 3180 1274 3239 divisa.
1320 3181 1387 3239 sica

346 3266 425 3323 enim
449 3267 621 3341 conectitur,
645 3268 669 3326 si
691 3269 830 3328 retractis
853 3269 960 3328 mediis
988 3269 1191 3344 superioribus
1218 3271 1359 3329 inferiora

346 3354 516 3432 iungantur.
549 3355 624 3415 dixit
643 3358 721 3415 enim
740 3377 830 3433 supra
850 3350 944 3439 (220)
964 3360 1140 3433 „praecipue
1158 3360 1229 3434 pius
1245 3359 1358 3418 Aeneas

345 3463 424 3503 nuno
453 3446 528 3502 acris
552 3442 671 3518 Oronti,
698 3465 777 3505 nunc
799 3440 911 3523 Amyci
938 3466 1040 3506 casum
1067 3445 1177 3523 gemit“
1205 3452 1236 3506 et
1264 3452 1360 3507 cetera

415 3670 580 3737 rtemporis
593 3668 645 3721 LR
658 3672 751 3739 patris
769 3671 812 3723 ed.
868 3670 1115 3724 tIooenaLRed.
1135 3671 1276 3724 Letnos.
1295 3671 1362 3739 {per

328 3738 438 3790 omed,
499 3745 534 3793 16
555 3740 683 3812 ioseth
702 3742 964 3799 combmlled.
1015 3747 1152 3810 ltneque
1170 3741 1214 3795 ed.
1266 3742 1363 3796 attio

313 3819 367 3855 orn,
388 3809 431 3860 ed,
495 3817 534 3865 27
553 3816 730 3873 revolvenda
749 3818 795 3873 ed.
853 3821 891 3871 ‘tt
912 3816 944 3871 dc
967 3814 1109 3868 Mercurio
1126 3812 1239 3864 omen.
