3250 4350
345 409 389 473 46
625 406 767 462 1101111
783 406 1089 473 missamissa,

346 596 425 652 cam,
458 579 529 653 quia
563 577 718 637 vobiscum
750 577 824 636 haec
855 579 975 653 pertuli
1028 577 1157 636 diximus
1189 595 1263 655 ergo
1288 576 1367 653 quid

346 665 494 744 significet
525 667 613 740 socii,
651 666 782 725 dicemus
817 666 1024 726 admirandam
1055 666 1232 745 consolandi
1264 666 1367 730 inven-

345 758 467 816 tionem.
511 774 583 815 nam
610 774 678 814 cum
705 757 746 815 sit
767 756 1003 819 infortuniorum
1024 755 1100 816 dura
1123 757 1366 815 commemoratio

346 849 378 904 et
408 846 614 905 discmminum
645 844 786 922 repetitio
819 845 1010 905 vehementer
1043 845 1160 920 odiosa,
1192 845 1366 904 exulcerans

346 933 442 1012 magis
469 953 573 994 eorum
601 933 692 993 corda
720 934 773 1009 qui
794 936 877 1010 passi
900 937 983 1008 sunt,
1007 934 1287 993 commemorationi
1308 932 1398 1009 ipsis

346 1024 446 1100 iungit
472 1026 562 1098 poeta
590 1025 848 1098 conparationem,
875 1025 910 1081 ut
932 1023 1014 1082 dicta
1036 1023 1103 1097 ipsa
1125 1020 1292 1081 medicinae
1314 1040 1366 1098 po

345 1112 406 1171 tius
431 1114 599 1170 animorum
618 1131 709 1187 quam
727 1111 942 1171 exulcerationi
959 1111 1144 1187 proficerent.
1178 1110 1269 1170 aliter
1287 1113 1367 1170 enim

347 1201 459 1260 doloris
480 1201 646 1276 praesentis
671 1202 817 1276 asperitas
841 1201 930 1260 leniri
952 1220 1012 1260 non
1035 1202 1145 1275 posset,
1163 1201 1223 1258 nisi
1246 1201 1366 1276 gravio·

346 1310 412 1348 rum
434 1289 584 1349 malorum
605 1290 730 1349 inducta
752 1291 937 1350 enumeratio
961 1288 1132 1350 ostenderet
1154 1287 1279 1349 ferenda
1304 1307 1366 1350 esse

345 1379 378 1438 in
405 1380 557 1454 praesenti
585 1399 661 1455 quae
688 1379 783 1438 levius
807 1379 991 1438 accidissent.
1037 1377 1123 1437 addit
1145 1380 1176 1437 et
1197 1378 1367 1438 sustinendi
1378 1397 1399 1438 ro

347 1467 592 1527 consuetudinem
608 1467 737 1527 nutrisse
755 1469 819 1527 sine
838 1467 929 1527 dnbio
948 1467 1135 1543 patientiam,
1149 1466 1221 1525 dum
1240 1466 1366 1527 adsidua

346 1557 427 1615 mala
459 1555 580 1615 ferendo
610 1558 785 1616 uansmissa
813 1558 891 1616 sunt
936 1575 997 1616 non
1025 1575 1095 1634 ergo
1124 1555 1287 1633 superflue,
1315 1556 1365 1617 sed

346 1644 511 1705 necessarie
533 1647 637 1721 posuit
660 1645 732 1705 duo:
754 1665 850 1721 neque
874 1647 954 1705 enim
972 1647 1073 1722 ignari
1090 1664 1193 1705 sumus
1213 1648 1286 1705 ante
1304 1664 1364 1704 ma-

346 1735 444 1794 lorum
471 1738 595 1810 propter
624 1734 738 1793 ferendi
770 1735 1028 1806 consuetudinem,
1060 1753 1078 1794 o
1110 1735 1191 1809 passi
1224 1736 1366 1812 grauiam

346 1826 470 1899 propter
497 1823 644 1882 malorum
672 1825 923 1899 conparationem.
970 1825 1066 1882 omnis
1093 1825 1174 1882 enim
1202 1823 1364 1884 incommo-
1377 1843 1396 1883 u

347 1913 454 1972 dorum
476 1914 595 1972 novitas
619 1914 739 1990 gravies
763 1915 879 1973 animos
902 1914 1042 1988 percutit,
1065 1911 1180 1972 ferendi
1202 1932 1275 1973 vero
1298 1931 1364 1972 oon·

347 2000 473 2061 suetudo
497 2001 641 2076 quicquid
665 2000 806 2060 acciderit
829 2002 949 2061 facilins
967 2002 1085 2060 tolerat.
1124 2000 1210 2060 dabit
1227 2001 1302 2061 deus
1320 2002 1364 2061 his

348 2110 466 2167 quoque
499 2089 601 2149 finem:
638 2091 717 2150 ultro
750 2091 813 2165 ipse
845 2090 1046 2166 respondendi
1076 2091 1194 2149 ratione
1222 2093 1364 2165 occurrit3

346 2182 448 2256 potuit
479 2182 558 2238 enim
591 2180 651 2239 dici
683 2180 826 2255 quamdiu
852 2181 926 2239 haec
952 2178 1123 2257 patiemur?
1168 2181 1218 2238 vel
1245 2180 1364 2256 quando

346 2270 429 2328 mala
454 2269 521 2344 ipsa
548 2270 701 2328 invenient
727 2268 837 2327 finem?
881 2270 989 2346 incipit
1015 2271 1077 2328 iam
1104 2269 1186 2327 facta
1216 2271 1397 2330 maloruma

347 2360 482 2434 ipsorum
508 2359 719 2433 conparatione
743 2378 869 2436 gravare
892 2360 1057 2434 praeterita
1080 2361 1110 2418 et
1132 2360 1306 2433 praesentia
1323 2362 1364 2418 te·

347 2467 448 2521 nuare,
471 2450 506 2506 ut
528 2448 584 2505 hoc
608 2466 714 2524 genere
736 2447 931 2522 persuaderet
953 2447 1154 2507 maerentibus
1178 2448 1261 2523 quod
1286 2450 1363 2508 vole·

347 2536 408 2613 bat,
424 2540 454 2596 et
473 2556 491 2595 a
510 2537 643 2612 generali
661 2537 866 2612 propositione
885 2536 924 2596 ad
936 2537 1191 2596 enumerationem
1204 2538 1364 2613 specialem

294 2633 346 2682 200
356 2628 518 2685 transitum
536 2626 618 2684 facit.
655 2643 714 2694 eos,
738 2627 847 2701 inquit,
870 2630 897 2685 et
918 2626 1081 2701 Scyllaeam
1102 2626 1215 2685 rabiem
1232 2629 1364 2700 penitas·

347 2734 402 2788 que
433 2716 565 2773 sabauda
597 2717 715 2774 accestis
741 2716 882 2787 scopulos.
937 2714 1070 2790 Scyllam
1097 2733 1159 2774 esse
1186 2718 1307 2775 constat
1332 2717 1397 2775 inre

347 2804 464 2881 pelago,
487 2803 538 2861 sed
561 2822 620 2862 non
644 2805 690 2862 uti
713 2808 819 2879 poetae
842 2805 1015 2863 describunt
1036 2824 1132 2879 neque
1155 2807 1189 2863 ut
1212 2806 1278 2879 ipse
1292 2804 1365 2864 Ver·

347 2892 438 2970 gilius
457 2894 567 2967 posuit,
585 2910 678 2968 usque
702 2892 741 2951 ad
763 2894 872 2968 pubem
895 2894 950 2952 sub
973 2894 1098 2953 humani
1116 2895 1249 2969 corporis
1269 2895 1364 2953 forma

348 2985 379 3041 et
406 2980 444 3040 ab
471 2979 643 3057 inguinibus
671 3000 764 3057 usque
793 2982 832 3040 ad
856 2983 947 3041 finem
974 2982 1096 3041 canibus
1124 2984 1287 3057 armatam,
1314 2982 1364 3043 sed

346 3071 446 3130 locum
474 3070 570 3128 saevis
596 3070 809 3147 horrendisque
837 3074 916 3131 saxis
944 3071 1108 3145 obsessum,
1135 3090 1225 3145 quem
1247 3073 1316 3147 quis
1340 3074 1365 3131 si

347 3158 515 3232 incurrerit,
537 3158 624 3233 perit
661 3160 799 3218 Troianis
822 3160 982 3237 contigisse
996 3160 1148 3237 Vergilius
1170 3162 1274 3235 posuit
1297 3180 1363 3220 eva·
1377 3176 1401 3217 so

348 3251 420 3308 sisse
447 3247 506 3305 loci
533 3248 615 3307 illius
642 3250 865 3325 inmanitatem,
893 3269 986 3324 quam
1013 3269 1073 3308 non
1101 3249 1280 3324 evasissent,
1307 3250 1365 3309 nisi

348 3340 419 3413 quia
438 3336 619 3396 successibus
638 3340 787 3414 prosperis
806 3339 1010 3397 servabantur.
1048 3338 1165 3397 addidit
1181 3338 1365 3415 penitusque

349 3427 482 3485 sonantis
511 3429 634 3487 accestis
662 3428 812 3503 scopulos,
838 3431 874 3486 ut
901 3427 1107 3487 ostenderetur
1131 3429 1277 3487 existente
1305 3429 1365 3487 for·

356 3606 358 3611 ·
420 3581 511 3646 bopsi
528 3595 581 3633 om.
602 3579 645 3633 ed.
719 3580 891 3633 antedictae
909 3580 962 3632 th
980 3596 1049 3632 corr.
1069 3580 1111 3633 ed.
1186 3584 1221 3633 10
1240 3580 1322 3635 addit
1339 3588 1366 3635 et

348 3650 400 3703 th
418 3650 528 3704 addidit
547 3650 589 3704 ed.
665 3657 697 3703 11
717 3652 827 3705 ascidae
846 3651 888 3705 ed.
960 3656 992 3704 13
1011 3653 1161 3706 necessario
1180 3651 1224 3704 ed.
1297 3657 1365 3706 140

320 3722 683 3850 recessisse
703 3723 1014 3853 *titillatam
1032 3721 1366 3859 &libatiam
