3250 4350
701 434 890 488 >arbuteos
908 434 947 488 111
1274 433 1337 500 271

317 603 439 662 visurus
475 622 535 662 non
573 608 649 664 esset
686 605 890 679 quantque
922 603 992 662 filiis
1025 605 1207 680 consumptis
1240 624 1340 665 secum

319 691 458 750 omnibus
477 695 587 767 po'stea
610 693 709 752 fuerat
732 694 913 766 conlaturus,
931 696 1081 768 postremo
1104 696 1221 752 tantum
1246 714 1339 770 quan·

318 783 387 838 tum
414 781 544 840 amioum
570 784 602 840 in
625 781 795 858 perfidiam,
823 786 969 858 quantum
991 784 1024 840 in
1047 783 1207 841 avaritiam
1229 803 1339 861 regem,

320 872 469 946 quantum
495 872 687 930 miseratione
714 873 836 930 reiecta
853 872 963 930 veteris
992 871 1142 930 amicitiae
1175 870 1339 930 debitorem

292 960 352 1020 ein
376 978 479 1018 necem
501 957 588 1035 pueri
609 963 711 1036 potuit
732 978 903 1036 provocare.
935 961 985 1018 hic
1004 978 1121 1037 quoque
1139 961 1248 1034 locum,
1265 963 1339 1020 tern-

321 1067 379 1124 pus
407 1065 624 1125 personamque
651 1052 803 1110 tractavit.
849 1049 967 1108 funesta
995 1068 1030 1108 ac
1061 1049 1191 1109 nefanda
1222 1050 1339 1108 facturo

322 1140 472 1212 oportuna
495 1142 565 1197 sunt
587 1141 666 1198 visa:
697 1158 769 1197 nam
791 1140 874 1198 locus
897 1141 1034 1213 quamvis
1058 1141 1211 1214 proximus
1238 1142 1339 1197 tamen

320 1228 494 1285 interventu
512 1227 614 1305 pelagi
636 1230 792 1302 separatus
817 1227 877 1285 fuit
895 1247 913 1285 a
931 1227 1041 1286 finibus
1060 1228 1176 1302 Troiae,
1195 1246 1339 1302 personae

321 1335 393 1374 vero
420 1319 568 1375 tractatus
596 1318 668 1390 fuit,
697 1317 776 1392 quod
801 1315 890 1375 facile
913 1336 1039 1392 puerum
1062 1320 1093 1376 et
1115 1317 1211 1376 solum
1234 1335 1339 1375 necare

280 1424 307 1465 ro
321 1406 484 1479 potuisset,
512 1405 696 1465 defensorem
724 1409 824 1465 autem
852 1423 1033 1464 emersurum
1061 1405 1198 1464 credebat
1223 1406 1340 1463 nullum

322 1495 376 1569 qui
403 1493 551 1552 ultionem
577 1495 734 1554 moliretur
762 1496 864 1570 occisi,
891 1495 1000 1553 idonea
1026 1513 1096 1554 vero
1121 1497 1265 1569 temporis
1288 1495 1339 1554 da-

322 1583 414 1641 batur
436 1585 552 1642 occasio
575 1583 693 1642 iliensis
716 1583 837 1659 imperii
858 1583 1003 1643 felicitate
1026 1583 1148 1643 deiecta.
1194 1584 1266 1643 fecit
1287 1583 1340 1644 ille
1386 1599 1398 1623 '³

323 1671 405 1746 quod
436 1672 540 1730 infelix
572 1672 608 1731 de
639 1673 724 1731 hoste
756 1673 894 1732 Priamus
926 1673 1041 1731 metuit.
1095 1690 1160 1731 ecce
1187 1673 1339 1750 Vergilius

323 1760 412 1819 docet
433 1762 465 1818 in
489 1760 621 1821 adversis
643 1774 698 1820 nec
721 1763 825 1821 amicis
844 1761 1011 1820 habendam
1029 1760 1127 1835 fidem,
1146 1761 1196 1819 ubi
1214 1765 1340 1837 possunt

281 1871 307 1910 11
322 1849 433 1908 scelere
464 1850 547 1908 lucra
579 1851 705 1926 captari.
755 1850 877 1908 difficile
910 1853 955 1908 est
987 1852 1067 1908 enim
1098 1853 1211 1910 servari
1241 1851 1339 1925 fidem,

322 1957 390 1997 oum
417 1939 549 1998 fatorum
576 1941 717 2015 primitus
744 1938 837 1998 fuerit
864 1940 974 2013 fracta,
1006 1939 1129 2015 perinde
1157 1940 1236 1998 enim
1260 1940 1340 1998 inter

322 2027 435 2086 amicos
457 2027 530 2087 fides
554 2032 600 2087 est
621 2033 657 2087 ut
679 2030 817 2088 fortunae
841 2032 871 2087 et
893 2029 1024 2088 fatorum
1047 2047 1149 2087 cursus
1173 2047 1236 2088 sese
1254 2048 1339 2105 prae

321 2117 451 2176 buerint.
496 2116 566 2177 hinc
589 2121 679 2194 poeta
703 2118 863 2194 conpulsus
886 2136 922 2177 ex
943 2136 1070 2194 persona
1093 2118 1156 2177 eius
1180 2136 1268 2194 quem
1295 2119 1339 2179 lo·

323 2209 465 2282 quentem
500 2207 658 2266 induxerat
695 2209 738 2266 sic
774 2207 949 2283 cupiditatis
987 2209 1052 2265 auri
1088 2208 1338 2283 vituperationem

284 2297 441 2369 reclausit,
459 2298 494 2354 ut
517 2297 649 2373 generali
672 2297 886 2355 exclamatione
905 2296 1017 2355 diceret
1035 2297 1106 2369 quid
1123 2315 1183 2355 riou
1202 2299 1339 2356 mortalia

315 2390 438 2458 pectora
461 2386 546 2457 copis,
565 2388 634 2444 auri
657 2403 744 2444 suero
766 2387 877 2458 fontes!
907 2398 974 2445 cum
998 2386 1071 2444 dicit
1093 2386 1165 2461 quid
1188 2405 1256 2460 non,
1279 2405 1339 2445 non

320 2476 442 2531 tantum
466 2472 501 2531 de
524 2474 676 2549 praesenti
695 2492 785 2533 causa
803 2476 905 2550 sensit,
923 2474 975 2533 sed
994 2475 1029 2532 de
1045 2476 1131 2533 'omni
1149 2494 1255 2552 genere
1272 2494 1339 2550 per·

320 2581 463 2622 sonarum
496 2565 525 2620 et
560 2564 813 2622 necessitudinum
850 2566 879 2622 11
915 2563 952 2622 de
988 2562 1161 2621 criminibus
1194 2563 1338 2622 omnibus.

320 2651 412 2711 sicuti
436 2653 515 2709 enim
538 2652 649 2710 lectum
671 2656 789 2712 constat
808 2656 838 2711 et
857 2653 991 2727 exempla
1014 2657 1148 2711 veterum
1167 2651 1339 2727 docuerunt,

284 2741 394 2802 refecit
423 2741 490 2798 auri
516 2740 665 2816 cupiditas
692 2743 809 2816 patriae
841 2741 1021 2817 proditores,
1054 2741 1178 2815 aurique
1209 2741 1339 2816 pondere

319 2829 412 2888 fidem
435 2846 522 2903 saepe
545 2829 677 2888 militum
700 2831 842 2904 fractam,
864 2829 993 2889 fractam
1007 2830 1187 2907 coniugum,
1211 2830 1340 2889 fractam·

318 2920 492 2992 nautarum,
510 2919 636 2977 fractam
654 2920 867 2995 proximorum,
885 2920 1013 2977 fractam
1032 2919 1193 2994 foederum,
1211 2920 1338 2978 fractam

396 3110 409 3157 1
430 3121 543 3172 cumque
560 3105 623 3160 illos
641 3113 813 3174 corisumptoa
831 3122 919 3160 aecum
934 3106 986 3159 LR
1005 3124 1026 3160 1.
1042 3107 1091 3159 illo
1108 3112 1266 3175 consumpto
1284 3124 1304 3161 s.
1325 3126 1339 3160 r

318 3178 362 3231 ita
387 3174 549 3242 emendavi,
576 3178 610 3230 ut
632 3177 667 3231 de
690 3176 850 3231 hereditate
873 3177 1002 3231 omnibus
1026 3177 1092 3230 filiis
1120 3178 1263 3231 destinata
1291 3178 1338 3249 agi

318 3246 518 3317 intellegatur3
537 3248 660 3317 praefixo
681 3249 765 3315 „dare
784 3248 896 3317 potuit“
915 3247 1025 3317 reliqua
1043 3250 1076 3301 ut
1090 3248 1142 3300 LR
1155 3249 1276 3301 tradidit
1290 3249 1339 3303 edi

317 3320 419 3387 inepte
437 3320 506 3371 mut.
522 3318 587 3371 edi'.
648 3325 665 3372 4
683 3322 784 3373 misera
797 3327 903 3374 10111111
915 3326 984 3373 tecto
997 3318 1050 3371 La
1064 3337 1097 3372 m.
1112 3322 1225 3374 condere
1238 3327 1307 3374 tecta
1325 3337 1340 3372 r

318 3391 500 3444 miseratione
513 3391 612 3445 reiecta
635 3406 686 3444 nos
709 3390 758 3461 (ad
780 3392 880 3445 reiecta
903 3390 937 3444 cf.
958 3392 1020 3459 260)
1043 3392 1191 3445 miserrimi
1207 3397 1296 3445 statue
1314 3398 1339 3445 et

318 3462 364 3516 ed.
382 3461 387 3532 Ι
405 3461 549 3515 debitorem
563 3461 615 3514 LR
629 3462 718 3516 debito
735 3473 823 3531 repam
842 3461 884 3515 ed.
948 3467 964 3515 6
982 3463 1094 3529 furcata
1107 3461 1161 3514 La
1174 3479 1243 3529 quae
1256 3463 1278 3527 f.
1294 3462 1336 3515 ed.

395 3536 411 3585 8
430 3533 588 3587 interventis
606 3532 658 3585 LR
677 3539 720 3587 -tu
737 3549 788 3586 nos
807 3534 1013 3602 interpositione
1032 3533 1074 3586 ed.
1096 3535 1100 3601 Ι
1120 3539 1265 3601 separatus
1281 3533 1339 3599 fuit

317 3603 373 3656 LR
392 3609 537 3671 superatus
555 3610 615 3658 erat
632 3604 698 3658 edF.
791 3610 825 3657 12
843 3605 910 3671 ferit
927 3605 970 3658 ed.
1063 3610 1095 3657 15
1113 3621 1221 3658 servare
1239 3604 1281 3657 ed.

319 3680 354 3729 16
370 3676 504 3743 primitur
517 3676 605 3742 fuerit
617 3676 695 3742 fucta
707 3673 760 3727 LR
770 3692 815 3743 pr.
829 3676 850 3742 f.
865 3676 957 3742 fracto
972 3676 996 3728 R
1010 3674 1071 3744 ipse
1086 3674 1131 3729 vel
1149 3692 1164 3727 r
1182 3678 1230 3744 (sc.
1244 3675 1338 3742 fidee)3

318 3764 357 3800 an
374 3746 502 3814 pravitas
524 3762 575 3815 pro
592 3748 723 3816 primitus
746 3747 912 3801 0111011111
928 3748 1093 3815 praedatae
1110 3764 1136 3799 v.
1152 3752 1185 3800 2?
1222 3748 1338 3801 aduersa

315 3819 339 3886 f.
360 3820 441 3884 sactu
458 3818 596 3873 conversio
615 3818 657 3871 ed.
733 3823 765 3870 19
785 3819 986 3887 uituperatione
1004 3817 1047 3871 ed.
