3250 4350
349 398 413 462 126
628 396 768 450 DONATI
786 396 954 450 INTERPR.
973 394 1081 450 VERG.

413 566 533 624 Interea
556 585 623 624 cum
646 565 762 624 videret
779 565 897 624 Aeneas
915 565 1017 641 parari
1036 565 1216 639 convivium,
1236 581 1268 622 se
1286 564 1370 623 intru-

346 659 426 714 tecta
449 659 589 714 vocatum
612 673 674 715 esse
698 674 766 713 oum
789 657 864 730 suis,
886 656 974 715 tants
996 655 1115 713 nomine
1137 671 1300 712 munemm
1321 671 1365 712 so-

348 744 401 802 ciis
424 745 516 803 missa
539 748 630 820 atque
653 746 754 804 omnia
777 763 839 803 esse
862 746 895 801 in
917 747 997 819 tuto,
1020 744 1170 819 rapidum,
1192 743 1306 818 inquit,
1328 743 1366 800 cd

295 836 444 892 sesamis
460 835 624 907 praemiat
645 831 785 900 Achaten,
809 832 940 892 Asconio
962 835 1041 906 ferat
1061 833 1131 891 bace
1153 833 1309 905 ipsumque
1327 831 1366 890 cd

347 924 462 981 mccccic
484 923 579 981 ducat.
625 923 673 981 hic
698 922 734 981 ab
748 924 795 980 iis
821 923 873 996 qui
895 941 999 981 verum
1020 921 1207 980 intellectum
1230 938 1293 978 non
1316 918 1365 978 eci·
1389 939 1400 979 5

347 1013 469 1070 vertunt
496 1012 628 1070 exoritur
656 1013 804 1086 quaestio,
832 1013 903 1086 quia
927 1011 1003 1070 dixit
1029 1009 1197 1086 praemittit
1219 1009 1366 1082 Achaten,

347 1119 414 1158 cum
436 1103 501 1175 ipse
525 1104 679 1160 secuturus
691 1119 762 1159 non
781 1103 866 1175 esset,
885 1103 916 1159 et
932 1103 1042 1176 putant
1059 1102 1092 1158 in
1111 1117 1146 1158 eo
1165 1117 1229 1157 esse
1247 1100 1364 1158 vitium.

348 1190 401 1247 alii
433 1189 536 1248 dicunt
567 1189 707 1264 rapidum
739 1208 812 1264 prae
842 1189 927 1247 valde
954 1189 1094 1264 rapidum
1119 1187 1365 1264 intellegendum,

347 1279 402 1338 hoc
422 1282 466 1337 est
485 1281 558 1338 satis
577 1279 709 1338 velocem
727 1279 831 1337 mittit.
865 1278 917 1337 sed
934 1283 1095 1353 utrumque
1113 1296 1174 1336 non
1188 1279 1234 1335 est
1248 1296 1365 1349 verum3

347 1387 417 1425 nam
440 1387 471 1427 re
495 1386 566 1426 vera
588 1367 757 1444 praemittit
778 1368 899 1443 proprie
923 1371 953 1425 et
975 1368 1139 1425 necessarie
1159 1367 1294 1440 positum
1312 1368 1364 1425 est.
1378 1384 1399 1425 ro

346 1456 509 1533 urgebatur
532 1458 611 1515 enim
634 1457 750 1516 Aeneas
772 1457 896 1531 pietatis
918 1458 1048 1529 ratione,
1070 1459 1105 1513 ut
1127 1454 1244 1514 videret
1266 1457 1364 1513 matu-

345 1547 408 1604 rius
431 1545 534 1620 filium,
557 1546 645 1605 rebus
664 1547 778 1605 scilicet
795 1548 828 1604 in
846 1548 912 1604 tuto
932 1545 1102 1619 conlocatis,
1120 1543 1286 1622 urgebatur
1305 1543 1366 1601 alia

348 1653 465 1708 quoque
489 1653 591 1709 causa3
614 1655 684 1694 nam
708 1654 776 1694 cum
798 1635 890 1694 vellet
914 1635 1016 1709 aliqua
1038 1651 1162 1692 munera
1184 1631 1298 1691 Didoni
1321 1633 1364 1691 of-

293 1783 295 1787 ,
345 1723 437 1797 ferre,
460 1725 643 1798 oportunum
664 1728 796 1799 tempus,
821 1723 899 1799 quod
922 1723 1075 1783 tradendis
1097 1721 1273 1781 muneribus
1296 1724 1365 1780 ante

345 1812 451 1871 horam
478 1812 609 1872 convivii
641 1831 703 1872 esse
736 1813 851 1888 debuit,
884 1812 1005 1873 nolebat
1037 1814 1189 1871 amittere:
1224 1810 1365 1886 rapidum
1377 1827 1398 1868 u

347 1920 417 1977 ergo
440 1900 577 1960 Achaten
600 1902 768 1977 praemisit,
795 1901 852 1962 hoc
876 1905 922 1961 est
944 1901 1095 1961 mandatis
1117 1903 1300 1960 instructum
1323 1903 1365 1974 ut,

347 1994 509 2064 antequam
527 1991 733 2066 prenderetur,
751 1991 867 2049 veniret
885 1995 915 2049 et
934 1990 1085 2049 celeritate
1103 1989 1217 2048 reditus
1236 1988 1364 2064 prandio

347 2082 508 2155 praevento
532 2099 658 2138 munera
682 2083 828 2155 oportune
851 2080 1003 2155 perferret.
1039 2079 1169 2138 Ascanio
1193 2080 1273 2137 feret
1291 2079 1364 2136 baec

346 2169 502 2244 ipsumque
532 2169 571 2228 ad
597 2171 716 2229 moenia
744 2169 840 2228 ducat.
888 2171 981 2228 omnis
1007 2171 1041 2228 ia
1062 2166 1193 2227 Ascanio
1221 2169 1286 2226 cari
1308 2170 1365 2226 stat

347 2276 419 2316 curo
436 2262 586 2330 pareatis:
610 2277 728 2317 securus
753 2260 788 2317 de
813 2259 949 2317 omnibus
969 2259 1088 2317 effectus
1107 2258 1224 2316 Aeneas
1244 2258 1280 2316 de
1301 2256 1362 2316 solo
1376 2275 1396 2315 ro

346 2347 407 2404 iam
434 2347 562 2405 videndo
589 2348 652 2407 filio
680 2345 841 2424 cogitabat.
888 2347 1014 2421 denique
1041 2346 1124 2405 misit
1152 2349 1205 2421 qui
1233 2348 1261 2403 ei
1290 2366 1363 2404 nun·

345 2437 437 2494 tiaret
470 2456 545 2511 quae
577 2441 750 2514 gererentur
780 2440 810 2494 et
837 2437 920 2494 misit
948 2456 1016 2494 eum
1043 2436 1079 2493 <le
1108 2437 1190 2493 cuius
1218 2435 1363 2495 relatione

346 2544 405 2582 non
429 2524 580 2584 dubitaret
603 2526 757 2584 Ascanius,
803 2525 1000 2600 probamenta
1024 2528 1124 2583 autem
1146 2528 1230 2583 tutae
1256 2524 1362 2584 securi·

346 2617 418 2673 tatis
446 2615 493 2672 bis
521 2614 640 2674 indiciis
668 2617 802 2688 fuerunt,
831 2615 910 2690 quod
938 2634 1004 2672 eum
1032 2618 1118 2689 pater
1146 2614 1184 2671 ad
1208 2632 1239 2672 se
1263 2614 1362 2673 venire

345 2704 510 2779 praecepit3
534 2705 626 2763 solius
651 2706 729 2761 enim
752 2707 936 2762 remanserat
960 2722 1039 2778 cura,
1060 2705 1132 2778 quia
1155 2702 1395 2778 conspectibusa

345 2792 440 2865 patris
466 2794 565 2851 fuerat
595 2795 759 2868 separatus.
804 2810 929 2850 01011010
951 2797 1106 2864 praetcrea
1127 2792 1237 2850 Iliacis
1266 2796 1362 2865 crepta

345 2882 442 2938 recinis
464 2883 542 2953 ferre
564 2884 656 2941 iubet:
679 2882 836 2955 multiplex
859 2880 993 2940 laudatio
1015 2900 1179 2955 munerum,
1200 2900 1276 2955 quae
1295 2899 1360 2957 pro·

345 2969 470 3043 perabat
497 2970 613 3031 Aeneas
647 2975 715 3030 ante
748 2972 857 3029 initum
890 2972 1060 3029 convivium
1092 2970 1176 3044 dare3
1213 2989 1297 3044 nam,
1329 2972 1362 3027 ut

418 3146 432 3192 1
452 3142 560 3194 *leucae
579 3141 603 3192 R
627 3157 695 3193 corr.
715 3158 736 3194 r.
811 3147 827 3193 2
851 3142 959 3194 cremina
982 3140 1033 3193 LR
1055 3141 1170 3193 assiriae
1192 3157 1207 3192 1
1232 3141 1362 3193 uarietate

346 3211 388 3263 ed.
454 3215 582 3266 tescaio
601 3229 654 3266 esse
672 3229 725 3265 om.
742 3211 784 3264 ed.
857 3213 934 3265 bbis
952 3211 1004 3263 LR
1023 3211 1065 3264 ed.
1085 3213 1121 3264 iis
1138 3227 1190 3263 nos
1209 3210 1245 3263 cf.
1266 3215 1336 3265 637..

346 3282 448 3335 6111011
466 3282 508 3335 ed.
584 3287 712 3337 tet-8
732 3283 828 3337 dicaci
847 3299 899 3334 om.
915 3282 957 3336 ed.
1041 3283 1207 3350 crepacem
1221 3300 1293 3351 proc
1311 3280 1362 3333 LR

346 3352 390 3420 (cf.
412 3352 537 3406 Servium
557 3354 613 3425 boc
635 3354 697 3407 loco
722 3357 751 3408 et
774 3360 803 3420 6,
819 3356 881 3422 382)
900 3353 1102 3422 praerapidum
1124 3371 1138 3420 r
1162 3371 1186 3408 r.
1201 3370 1256 3421 pro
1282 3353 1325 3407 ed.

345 3429 361 3477 9
380 3425 470 3478 sed-
482 3430 514 3478 10
530 3428 684 3493 praemittit
703 3442 757 3479 om.
773 3425 829 3479 eti:
849 3426 956 3493 optimo
975 3441 1041 3495 ergo
1061 3428 1159 3479 tenore
1176 3425 1310 3479 restituta
1329 3440 1361 3477 ex

345 3496 425 3549 codd.
449 3496 646 3565 interpretatio
675 3497 798 3551 decurrit
826 3499 855 3550 et
882 3496 992 3550 irritum
1020 3498 1063 3550 est
1091 3497 1167 3564 quod
1195 3500 1225 3550 et
1253 3512 1305 3565 ego
1334 3497 1362 3548 et

344 3566 514 3621 Burckasius
538 3571 567 3621 et
589 3568 717 3637 Hoppius
740 3568 884 3622 Donatum
911 3568 964 3621 hoc
992 3567 1053 3622 loco
1078 3567 1222 3622 socordiae
1247 3582 1360 3622 accusa-

344 3639 442 3693 vimus.
501 3643 533 3692 18
549 3639 766 3707 praesentabit
784 3655 842 3693 coa
855 3642 1048 3709 praec-cairate
1067 3639 1110 3693 ed.
1129 3642 1300 3708 >praeferret
1317 3638 1358 3691 ed.

399 3710 722 3765 tosoRsolcr=L
787 3711 1160 3765 ticcimReumr=b
1222 3712 1360 3767 ‘casotae

346 3813 379 3821 —
391 3787 424 3835 ‘26
442 3788 587 3849 separatus
606 3783 730 3850 corrupit
748 3783 791 3836 ed.
