3250 4350
651 455 833 510 AENEIDOS
852 455 877 509 V
1211 454 1278 519 469

264 625 343 699 quit,
376 625 438 682 eius
464 620 579 683 'aetatis
608 643 667 699 qua
693 627 750 684 iste
779 628 824 684 est
853 627 884 684 et
910 624 936 681 si
962 643 1023 683 non
1054 625 1114 682 iam
1147 623 1279 682 studium

263 732 362 770 meum
390 716 537 772 senectuti
566 716 713 788 cessisset,
740 733 800 772 non
827 717 919 773 istum
947 715 1074 772 sinerem
1101 715 1188 771 tanta
1210 713 1280 771 duci

264 802 422 874 dementia,
441 806 475 860 ut
499 822 529 861 se
554 823 588 860 cx
612 823 645 862 eo
665 803 827 862 arbitretur
844 804 999 877 invictum,
1018 803 1089 878 quia
1107 801 1207 861 nullus
1227 803 1280 877 qui

263 909 332 949 cum
356 909 389 949 eo
413 895 507 950 certet
530 893 639 951 existit.
677 895 707 950 et
730 895 803 968 quia
821 892 943 951 Acestes
962 891 1039 949 dixit
1057 893 1197 965 „tantane
1216 893 1281 948 tam

229 981 383 1055 spatians
410 980 494 1040 nullo
523 984 682 1040 certamine
709 983 778 1039 tolli
810 981 888 1040 dona
918 976 1035 1039 sines‘?“
1067 982 1111 1038 ait
1142 979 1280 1037 Entellus

261 1069 338 1127 haut
353 1069 487 1144 equidem
507 1073 605 1146 pretio
621 1070 760 1129 inductus
779 1070 963 1146 pulchroque
981 1071 1106 1127 iuvenco
1125 1068 1279 1127 venissem.

263 1158 303 1216 ad
327 1161 475 1217 certamen
503 1159 671 1218 istiusmodi
699 1159 810 1236 gloria,
839 1159 951 1234 inquit,
979 1178 1040 1232 me,
1067 1177 1127 1215 non
1148 1157 1280 1232 pretium

262 1250 442 1321 provocaret
464 1251 494 1306 et
517 1250 662 1308 excitatus
685 1250 716 1307 in
741 1252 890 1307 certamen
913 1247 1165 1322 contemplatione
1184 1246 1281 1324 magis

264 1335 362 1395 laudis
376 1355 530 1414 pergerem
545 1357 636 1413 quam
649 1341 782 1413 praemio
798 1341 828 1396 et
843 1337 996 1396 commodo
1010 1336 1160 1394 iudicarer
1178 1337 1280 1394 exisse.

218 1443 248 1485 ro
264 1442 317 1482 aec
339 1425 418 1483 daaa
439 1444 553 1485 moror:
574 1446 628 1485 nec
646 1431 748 1486 tamen
767 1426 836 1485 doni
857 1427 1107 1502 contemplatione
1126 1443 1211 1484 mora
1227 1423 1280 1482 ali-

265 1532 327 1587 qua
359 1514 444 1572 debet
477 1516 595 1574 adferri.
641 1517 714 1574 haec
742 1516 852 1574 idcirco
882 1515 918 1573 de
951 1517 1059 1574 aetatis
1092 1515 1280 1573 excusatione

262 1605 428 1678 praemissa
460 1608 544 1678 sunt,
576 1608 611 1662 ut
638 1605 731 1663 Dares
763 1624 781 1664 a
810 1605 956 1682 longaevo
988 1605 1057 1680 post
1087 1605 1281 1661 iactationem

263 1694 427 1750 maximam
450 1696 561 1752 maiore
585 1693 714 1752 ludibrio
737 1694 889 1752 videretur
913 1711 1078 1769 oppressus.
1115 1694 1159 1751 sic
1178 1691 1282 1751 deinde

264 1781 378 1839 locatas
396 1784 429 1839 ia
447 1784 575 1841 mediam
590 1786 721 1857 pemiaos
743 1785 860 1841 lamani
872 1783 1004 1855 pondere
1022 1786 1135 1840 caestus
1148 1782 1282 1854 proiecit,

218 1890 245 1932 rs
264 1870 371 1943 quibas
399 1888 466 1930 acer
488 1872 573 1945 Erpa
597 1874 631 1930 r'a
648 1872 765 1944 proelia
787 1875 886 1930 saetas
908 1874 986 1945 ferre
1007 1889 1130 1929 marram
1153 1871 1283 1943 duroque

263 1958 414 2017 iateadere
436 1961 572 2019 braceMa
595 1965 687 2033 torpa:
714 1961 768 2018 hos
791 1963 907 2020 caestus
930 1959 1058 2035 protulit
1081 1959 1188 2034 quibus
1211 1977 1281 2018 usus

265 2050 312 2106 est
340 2048 434 2122 Eryx,
466 2049 498 2106 in
529 2050 586 2107 hoc
618 2068 725 2126 genere
757 2050 928 2108 certaminis
961 2049 1224 2107 exercitatissimus
1253 2050 1283 2105 et

264 2137 378 2195 virtute
407 2139 586 2212 praeclarus.
632 2140 794 2213 obstipuere
822 2141 917 2199 aalma?
943 2143 1104 2198 sanarem:
1136 2139 1168 2195 in
1195 2139 1283 2195 tanta

265 2226 460 2285 multitudine
482 2227 636 2286 hominum
659 2230 759 2287 nullus
782 2230 843 2287 fuit
865 2248 953 2305 quem
975 2247 1035 2286 non
1054 2230 1158 2302 stupor
1177 2227 1217 2284 de
1231 2226 1281 2283 ad-

218 2334 248 2375 ro
265 2316 426 2373 miratione
453 2318 605 2375 tenuisset.
651 2321 782 2391 iapeata'a
808 2322 916 2392 septem
943 2323 1024 2390 terpa
1049 2318 1135 2375 baara
1151 2315 1336 2389 plumbatae

264 2407 363 2463 aeolo
394 2407 529 2478 ferroque
560 2408 699 2479 ripebaat.
746 2412 813 2466 aate
844 2410 938 2466 anais
969 2409 1064 2478 stupet
1093 2408 1156 2478 ipse
1183 2403 1282 2462 Dares

265 2494 404 2566 terraeque
427 2500 556 2553 recusat:
588 2498 707 2554 tantam
729 2496 860 2555 horroris
884 2498 914 2554 et
936 2494 1074 2569 ponderis
1097 2493 1144 2551 illi
1168 2494 1282 2551 caestus

265 2580 447 2657 habuerant,
478 2586 513 2641 ut
544 2586 727 2643 mirarentur
758 2603 860 2644 omnes
892 2587 923 2643 et
951 2585 1015 2658 ipse
1044 2601 1160 2657 quoque
1188 2582 1282 2640 Dares

265 2674 391 2747 negaret
414 2690 444 2729 se
468 2675 659 2747 certaturum,
682 2675 709 2733 si
731 2674 799 2733 illos
823 2673 933 2747 aliquis
955 2673 1109 2730 induisset.
1146 2671 1283 2729 Entellus

219 2779 249 2821 so
267 2761 379 2834 quippe
404 2764 532 2820 certator
556 2763 697 2837 antiquus
721 2765 751 2821 et
772 2764 887 2838 peritus
909 2765 942 2820 in
965 2781 1018 2820 suo
1038 2762 1100 2839 egit
1118 2762 1182 2818 arte
1200 2759 1283 2817 miri-

265 2848 333 2921 fica,
356 2852 390 2905 ut
414 2853 483 2907 ante
506 2852 672 2928 ingressum
695 2870 813 2929 pugnae
837 2852 1043 2927 praemitteret
1060 2850 1152 2907 talem
1171 2851 1284 2907 metum

267 2956 327 3012 quo
356 2937 497 2996 audacem
525 2941 556 2997 et
578 2940 737 3015 superbum
761 2940 965 2999 adversarium
988 2938 1116 2997 debilem
1138 2938 1283 2996 redderet.

266 3026 395 3101 denique
420 3046 486 3085 cum
511 3031 626 3087 caestus
650 3047 727 3102 suos,
751 3028 859 3103 quibus
882 3030 982 3087 fuerat
1010 3031 1189 3101 certaturus,
1217 3028 1283 3084 uni-

266 3130 419 3175 versorum
449 3117 654 3192 conspectibus
683 3117 851 3191 obtulisset,
884 3118 982 3194 nullus
1016 3118 1116 3175 extitit
1144 3118 1196 3192 qui
1223 3134 1283 3174 non

219 3225 250 3267 ao
265 3207 401 3279 ipsorum
433 3206 550 3280 pondus
580 3207 739 3265 miraretur
766 3210 795 3265 et
824 3207 963 3281 formam3
1000 3225 1094 3281 usque
1122 3206 1195 3265 adeo
1223 3225 1284 3263 non

265 3295 378 3351 mirum
409 3295 468 3352 fuit
500 3296 531 3352 in
560 3295 708 3370 omnibuS,
737 3295 856 3370 quando
884 3298 948 3372 ipse
976 3298 1067 3354 etiam
1095 3294 1202 3368 Dares,
1231 3295 1283 3369 qui

342 3485 356 3532 7
376 3482 516 3548 praetium
540 3481 718 3551 superposita
737 3499 763 3535 ra
782 3483 803 3535 L
824 3486 944 3551 pretium
962 3483 988 3535 a
1005 3483 1163 3550 praemium
1186 3480 1229 3534 ed.

266 3560 282 3606 9
304 3569 387 3620 qaam
404 3551 458 3604 LR
480 3569 562 3619 qaam
585 3561 616 3607 at
640 3553 683 3606 ed.
775 3559 809 3607 15
827 3554 1036 3623 ferre-Erpa
1059 3552 1193 3605 omiserat
1210 3551 1235 3603 R
1253 3551 1284 3604 in

265 3639 357 3691 marg.
376 3622 456 3676 infer.
477 3623 568 3692 suppl.
589 3623 658 3693 ipse.
676 3626 679 3693 Ι
696 3641 781 3678 araaa
799 3624 860 3679 La.
922 3630 955 3678 18
973 3629 1113 3678 tarataram
1132 3622 1178 3676 hic
1196 3621 1285 3675 habet

265 3694 320 3747 LR
340 3694 511 3747 assentiente
530 3695 654 3765 interpr,
675 3695 711 3749 ad
730 3711 806 3764 sequ.
827 3694 929 3749 lemma
948 3694 1035 3750 traxit
1053 3694 1119 3747 ch.
1199 3698 1231 3747 19
1251 3694 1285 3747 de

266 3784 321 3819 om.
338 3764 404 3819 ch.
470 3770 501 3819 21
522 3767 617 3820 iasata
634 3767 667 3820 R.
733 3773 766 3820 22
785 3768 897 3821 tortora
915 3767 957 3822 ed.
1025 3771 1059 3819 25
1078 3768 1110 3819 ia
1127 3782 1180 3819 aaa
1196 3765 1228 3818 R.

266 3842 301 3890 26
323 3837 403 3891 talem
418 3838 603 3905 praemitteret
622 3843 720 3892 metam
734 3838 767 3892 R.
823 3843 855 3891 31
876 3840 1001 3893 amnibus
1015 3836 1068 3890 La
1081 3837 1127 3892 ed.
1139 3839 1174 3891 ιἰι
1186 3851 1295 3892 ιω.
