3250 4350
665 454 667 459 ·
718 433 902 488 assisinos
913 434 934 488 'I
1292 435 1334 498 Ξῖ

315 605 371 680 qui
393 622 449 676 pec
474 603 532 662 sibi
554 621 608 661 nec
626 604 688 662 suis
707 602 848 680 prodesse
866 606 1037 679 potuerunt.
1071 605 1211 664 desiderii
1230 604 1336 665 dehinc

314 711 433 752 summa
460 691 647 752 subnectitur
673 694 704 750 et
731 692 838 752 modus
867 711 989 768 poenae.
1022 696 1131 752 incute
1157 695 1218 752 cim
1244 695 1336 755 crectis

314 783 539 854 subncrsesqcc
561 782 649 840 ebrae
666 783 780 855 puppis
803 785 855 841 aut
878 799 931 854 cpe
953 783 1084 850 diversos
1108 787 1135 841 et
1152 783 1256 842 dissice
1275 796 1336 841 cor·
1356 788 1390 836 ‘tu

312 874 509 944 perspecto:
528 870 672 946 expressit
689 870 809 946 plenam
828 871 1025 946 patheticam,
1044 890 1114 930 nam
1133 872 1160 929 si
1178 890 1213 930 ec
1232 871 1336 931 ordine

291 978 378 1035 aquo
399 959 503 1019 locuta
521 962 567 1018 est
583 959 727 1018 vellemus
745 959 929 1037 intellegere,
948 978 1007 1020 non
1025 961 1172 1020 cohaeret.
1207 962 1234 1019 si
1257 961 1337 1018 enini

318 1048 493 1107 ordinatam.
508 1052 609 1124 posset
631 1050 781 1108 commota
804 1049 937 1125 proferre
960 1048 1134 1122 dictionem,
1162 1051 1205 1108 sic
1234 1048 1337 1108 debuit

317 1137 416 1213 loqui:
438 1137 541 1212 Aeole,
559 1156 630 1215 gens
648 1138 772 1196 inimica
790 1137 867 1196 mihi
880 1138 1068 1213 Tyrrhenum
1085 1140 1212 1216 navigat
1225 1150 1337 1214 aequor

317 1226 409 1286 Ilium
436 1229 469 1285 in
491 1227 615 1286 Italiam
641 1229 765 1303 portans
793 1228 947 1301 victosque
975 1230 1113 1302 penates:
1145 1229 1245 1285 incute
1274 1229 1337 1285 vim
1386 1258 1391 1266 ·

317 1317 416 1375 ventis
439 1315 665 1391 submersasque
684 1315 777 1375 obrue
795 1317 905 1392 puppis
925 1318 955 1375 et
973 1316 1080 1376 dissice
1099 1334 1225 1392 corpora
1244 1318 1336 1391 ponto

277 1425 303 1465 ro
317 1407 372 1465 aut
395 1424 451 1481 age
476 1404 620 1478 diversos3
653 1424 783 1480 namque
805 1404 863 1463 tibi
886 1403 989 1464 divum
1011 1410 1099 1481 pater
1126 1410 1218 1482 atque
1241 1405 1337 1463 homi-

316 1514 390 1553 num
412 1512 465 1552 rex
487 1497 518 1550 et
540 1494 669 1552 mulcere
699 1493 782 1553 dedit
804 1494 911 1552 fluctus
936 1497 967 1553 et
988 1494 1094 1553 tollere
1121 1498 1220 1554 vento.
1261 1497 1337 1553 ante

315 1582 425 1642 omnia
442 1584 545 1641 tamen
564 1582 779 1642 consideranda
796 1586 868 1641 sunt
886 1602 963 1659 quae
981 1583 1057 1642 Iuno
1076 1583 1179 1659 perfici
1198 1582 1337 1658 cupiebat

315 1671 399 1731 dicta
424 1671 557 1747 quidem,
579 1671 632 1731 sed
654 1690 715 1730 non
737 1671 841 1730 ordine
864 1690 933 1745 suo,
955 1675 991 1730 ut
1014 1675 1173 1749 appareret
1196 1692 1262 1732 eam
1284 1691 1338 1748 per

317 1762 548 1820 commotionem
574 1761 700 1819 nimiam
730 1760 948 1820 ordinationem
976 1761 1063 1821 rebus
1091 1761 1165 1837 ipsis
1193 1761 1264 1820 dare
1287 1781 1337 1820 ne·-

279 1869 305 1911 1s
318 1848 427 1926 quisse.
460 1850 536 1908 dixit
553 1851 653 1908 incute
672 1851 735 1908 vim
748 1852 846 1908 ventis
863 1850 1090 1925 submersasque
1109 1850 1200 1909 obrue
1218 1852 1338 1926 puppis,

315 1941 444 2018 iungere
472 1938 574 1997 debuit
601 1940 632 1996 et
659 1938 765 1998 dissice
794 1957 919 2014 corpora
948 1941 1054 2014 ponto,
1085 1939 1165 2016 quod
1194 1939 1338 1998 fierine-

316 2047 398 2088 cesse
410 2030 488 2086 erat
510 2028 637 2086 navibus
656 2027 824 2101 submersis,
844 2031 934 2103 atque
952 2029 996 2086 ita
1015 2028 1210 2088 novissimum
1229 2041 1337 2104 ponere

317 2120 373 2177 aut
395 2136 452 2195 age
475 2116 617 2190 diversos,
639 2119 679 2175 ut·
697 2118 783 2191 esset,
801 2118 880 2176 sicut
898 2115 1035 2191 diximus,
1054 2119 1151 2177 oratic
1170 2120 1249 2176 reete
1269 2135 1337 2176 con-

316 2208 419 2283 posita
446 2206 502 2265 hoc
529 2206 631 2266 modo:
664 2207 764 2266 incute
791 2208 853 2264 vim
877 2209 975 2265 ventis
998 2206 1223 2282 submersasque
1247 2207 1338 2265 obrue

271 2317 304 2357 -ao
317 2297 430 2373 puppis
455 2298 485 2353 ct
508 2295 614 2355 dissice
637 2314 763 2371 corpora
786 2297 879 2371 ponto
903 2299 956 2354 aut
985 2315 1040 2372 age
1068 2296 1208 2355 diversos.
1255 2295 1338 2355 deni-

318 2404 378 2461 que
400 2384 457 2443 hoc
476 2387 506 2443 et
523 2383 607 2459 ipsae
626 2386 850 2444 coniunctiones
871 2384 1040 2458 ostendunt,
1059 2403 1126 2443 cum
1145 2384 1220 2443 dicit
1237 2386 1337 2443 incute

317 2475 382 2531 vim
398 2475 502 2533 sentis
522 2476 552 2533 ot
570 2475 656 2548 ponit
675 2472 776 2549 ,‚que“,
796 2478 831 2532 ut
850 2475 1012 2550 coniungat
1029 2475 1110 2532 facto
1129 2474 1252 2545 factum,
1271 2473 1338 2531 sub·

317 2580 492 2639 mersasque
511 2562 603 2622 obrue
617 2565 737 2639 puppis,
751 2562 887 2621 adsociat
901 2561 976 2635 „et“,
990 2565 1024 2621 ut
1043 2563 1182 2638 conpleat
1201 2562 1339 2620 effectum

318 2651 541 2712 submersarum
573 2654 696 2710 navium
728 2654 758 2709 et
790 2654 948 2727 proveniat
977 2652 1046 2710 iude
1078 2651 1183 2711 dissice
1213 2669 1339 2726 corpora

278 2760 305 2801 rs
318 2743 422 2817 ponto.
468 2758 534 2799 ecce
557 2742 645 2816 ponit
666 2736 764 2815 „aut“,
788 2741 923 2799 diversae
946 2743 1076 2799 naturae
1100 2742 1339 2800 coniunctionem
1382 2749 1384 2754 “

318 2831 377 2889 boc
399 2832 445 2889 est
468 2828 693 2904 disiunctivam,
722 2832 756 2888 ut
780 2830 875 2889 faciat
898 2831 1117 2906 separationem
1140 2849 1266 2905 poenae,
1294 2833 1338 2903 ut,
1414 2885 1420 2898 ,

318 2918 346 2977 si
378 2919 535 2994 provenire
568 2937 628 2977 non
659 2921 760 2994 posset
792 2918 1018 2994 submersasque
1046 2918 1136 2978 obrue
1164 2938 1278 2995 puppes
1309 2923 1338 2977 et

318 3008 428 3067 dissice
452 3009 702 3084 corporaponto,
721 3009 892 3083 proveniret
915 3007 1022 3066 saltem
1046 3010 1099 3066 aut
1122 3026 1177 3084 age
1197 3008 1338 3079 diversos

319 3098 464 3173 quoniam
496 3098 593 3171 sparsi
624 3096 700 3155 nihil
732 3095 842 3155 audere
864 3098 1013 3173 posterius
1046 3100 1185 3173 poteraut
1216 3115 1270 3154 nec
1301 3096 1340 3156 ad

280 3206 306 3247 aa
319 3185 444 3245 Italiam
467 3186 630 3261 pervenire.
666 3190 735 3244 scot
752 3186 825 3245 milei
843 3187 887 3244 bis
909 3190 1015 3259 septem
1032 3188 1199 3265 praestanti
1222 3202 1339 3257 corpere

319 3314 536 3323 ——---·---—-‹

317 3431 320 3438 .
394 3396 577 3460 lpotucrcct
594 3390 637 3443 ed.
668 3391 672 3461 1
704 3392 847 3446 desideriis
866 3408 929 3444 cum
949 3395 1038 3445 antec.
1058 3390 1240 3444 coniunctum
1259 3390 1327 3443 ed..

320 3469 336 3517 2
355 3469 538 3531 et—pcenae
551 3477 610 3515 om.
630 3461 685 3517 ed..
752 3468 767 3514 3
787 3463 880 3517 cimice
892 3461 977 3530 (infra
995 3463 1101 3531 dcccc)
1120 3462 1180 3514 LR.
1254 3466 1338 3528 dpa-

320 3535 448 3590 tbcticam
466 3532 518 3586 LR
533 3539 694 3602 potestatem
711 3533 755 3589 ed.
779 3563 782 3568 ·
847 3534 1006 3587 evellimus
1023 3532 1075 3586 LR
1093 3534 1220 3587 celleccus
1238 3532 1282 3585 ed.
1303 3548 1339 3585 au

320 3606 455 3661 numus?
499 3610 531 3657 :6
550 3604 643 3659 debuit
661 3605 737 3673 loqu-i
755 3604 807 3658 th
826 3605 1050 3674 loqui-inciperet
1068 3604 1111 3657 ed.
1170 3608 1272 3657 rotate
1290 3620 1339 3673 aye

320 3676 442 3732 &caece
464 3678 564 3729 contra
586 3675 830 3745 interpretationis
854 3675 1025 3730 sententiam
1048 3678 1114 3747 post
1131 3677 1237 3747 puppis
1252 3676 1348 3729 trana-

321 3764 380 3818 pos.
401 3746 444 3801 ed.
517 3752 547 3799 11
568 3746 732 3812 centosllt,
752 3748 804 3802 sed
823 3765 911 3819 snpra
930 3748 975 3805 bis
994 3750 1182 3808 ventosior.
1249 3753 1289 3803 ts
1309 3763 1362 3816 op·-

312 3818 472 3883 ,daretem
524 3817 804 3883 1⁶⁴''ch1erededm't
823 3823 994 3881 emerim⁴
1033 3849 1037 3856 ·
1311 3852 1313 3857 .
1356 3821 1358 3863 ;
