3250 4350
333 407 397 462 XIV
738 407 945 462 PRAEFATIO

334 575 515 653 „Coroebum
540 577 668 635 stultum
691 576 808 635 inducit
830 577 1013 652 Euphorion,
1037 595 1126 651 quem
1149 579 1179 635 ct
1197 576 1352 653 Vergilius

334 667 468 741 sequitur
490 666 564 724 dans
588 667 616 724 ei
640 661 736 725 ‘dolus
760 684 798 724 an
821 667 927 741 virtus,
950 668 1018 741 quis
1040 667 1074 724 in
1096 667 1181 724 hoste
1203 661 1350 740 requirat'

335 746 443 835 (390),
472 773 539 812 cum
566 756 607 813 sit
632 756 731 830 turpis
755 754 824 814 dolo
848 755 986 831 quaesita
1008 753 1161 813 victorie“.
1207 753 1287 830 quod
1314 755 1351 812 de

332 843 526 920 Euphorione
554 844 702 903 stultitiae
727 842 851 904 Coroebi
879 844 1034 903 inventore
1062 845 1148 903 affert
1171 847 1351 903 commenta·

332 934 408 991 toris
441 934 567 992 alicuius
600 933 710 992 eruditi
742 933 908 992 doctrinam
941 933 1056 992 redolet
1089 952 1184 1009 neque
1215 934 1248 990 in
1280 933 1350 992 aliis

333 1024 396 1082 eius
419 1021 541 1081 fabulae
563 1021 700 1098 partibus
722 1022 892 1101 Vergilium
914 1022 1116 1099 Euphorionis
1140 1023 1351 1081 auctoritatem

334 1113 467 1170 secutum
501 1129 563 1172 esse
596 1111 779 1190 negaverim:
816 1113 849 1168 in
876 1113 1007 1172 stultitia
1034 1114 1113 1170 certe
1140 1130 1200 1170 uon
1230 1113 1351 1169 secutus

333 1202 391 1274 est,
424 1204 458 1259 ut
489 1203 551 1258 iam
582 1200 718 1275 Heynius
748 1200 781 1258 in
814 1219 938 1258 excursu
969 1201 996 1258 X
1027 1201 1191 1260 rectissime
1223 1201 1349 1258 monuit.

332 1307 401 1347 nam
433 1309 529 1365 neque
561 1289 688 1348 stultum
720 1290 873 1366 Vergilius
906 1287 1071 1349 Coroebum
1106 1289 1222 1348 inducit
1252 1308 1349 1364 neque

331 1379 423 1436 verba
449 1379 504 1437 illa
532 1397 636 1438 versus
661 1380 725 1437 390
754 1379 843 1438 stulti
869 1379 998 1438 hominis
1026 1397 1088 1437 esse
1110 1378 1258 1437 videntur.
1304 1379 1350 1437 est

331 1467 398 1540 hoc,
420 1470 455 1525 ut
475 1467 555 1526 idem
578 1467 714 1544 Heynius
738 1467 820 1541 dicit,
844 1467 939 1527 Servii
963 1470 1171 1542 commentum,
1194 1467 1246 1543 qui
1269 1467 1349 1542 quod

332 1555 498 1633 generatim
521 1556 558 1615 de
580 1557 782 1633 Euphorionis
804 1558 974 1615 imitatione
995 1557 1111 1634 legerat
1128 1574 1199 1615 suae
1217 1555 1349 1614 fabricae

332 1648 508 1723 argumento
537 1645 689 1705 illustrare
719 1646 843 1706 studuit.
894 1649 980 1722 atqui
1006 1647 1143 1704 Donatus
1170 1644 1209 1703 ad
1236 1664 1264 1703 v.
1283 1646 1347 1704 388

331 1733 404 1792 haec
432 1733 605 1809 adscripsit:
642 1737 746 1810 „turpe
775 1738 875 1794 auteur
903 1755 961 1795 non
990 1753 1053 1794 esse
1080 1735 1199 1794 insidiis
1231 1733 1348 1793 hostem

331 1824 450 1881 vincere
474 1826 505 1881 et
526 1822 694 1898 periculum
716 1842 857 1899 praesens
878 1825 983 1884 docere
1002 1823 1105 1882 debuit
1123 1827 1154 1882 et
1172 1826 1293 1898 captum
1312 1823 1348 1882 de

331 1909 451 1970 Graecis
466 1911 659 1988 exemplum“.
693 1930 763 1990 ergo
779 1911 877 1971 Servii
895 1933 960 1972 eum
980 1913 1072 1972 verba
1090 1914 1152 1972 suis
1171 1914 1349 1989 impugnare

331 2001 382 2059 vix
405 2002 503 2060 facere
521 2003 684 2077 poterimus
705 2003 778 2076 quin
798 2001 1000 2061 confiteamur.
1038 2001 1145 2078 quodsi
1163 2003 1194 2059 in
1213 2002 1269 2060 hoc
1287 2020 1348 2060 uuo

331 2091 465 2166 exemplo
494 2109 560 2148 eum
585 2088 680 2150 Servii
707 2110 868 2150 memorem
895 2091 986 2150 fuisse
1013 2091 1256 2164 concesserimus,
1283 2089 1349 2148 fieri

330 2180 386 2239 hoc
404 2183 537 2256 potuisse
556 2180 777 2239 concedendum
797 2184 855 2241 erit
874 2181 1001 2258 triginta
1019 2182 1080 2239 fere
1098 2180 1160 2240 illis
1178 2180 1252 2238 locis
1273 2198 1347 2255 quos

330 2287 367 2327 ue
394 2268 575 2329 Burckasius
608 2269 729 2345 quidem
761 2272 792 2329 et
818 2270 969 2346 Hoppius,
1001 2287 1183 2345 quamquam
1215 2268 1348 2345 opinatis

330 2358 496 2417 rationibus
523 2360 688 2418 transversi
715 2360 785 2417 sunt
808 2361 882 2434 acti,
912 2359 951 2417 ad
974 2357 1111 2417 Servium
1133 2358 1238 2417 referri
1260 2375 1348 2433 posse

330 2451 520 2524 negaverunt.
568 2468 603 2507 ex
627 2448 735 2524 quihus
758 2468 851 2506 uuum
874 2466 1037 2507 memorare
1060 2447 1133 2507 satis
1158 2446 1261 2505 haheo.
1308 2447 1346 2505 ad

331 2537 364 2611 2,
391 2538 408 2594 9
442 2537 579 2595 Donatus
612 2537 749 2595 adnotat:
786 2537 885 2612 „quod
918 2538 963 2595 ait
996 2532 1038 2595 ‘et
1068 2539 1130 2596 iam
1157 2554 1215 2594 uox
1243 2536 1348 2593 umida

330 2625 413 2684 caelo
441 2620 632 2701 praecipitat'
659 2625 709 2684 ...’
732 2626 872 2684 nonnulli
900 2628 943 2687 sic
964 2627 1157 2704 intellegunt:
1180 2643 1238 2683 nox
1260 2643 1346 2699 prae·

331 2715 475 2788 cipitetur
502 2715 584 2773 caelo
613 2717 643 2773 et
670 2716 851 2791 praecipitat
877 2718 1009 2791 positum
1036 2734 1090 2790 pro
1121 2713 1344 2789 praecipitatur.

330 2803 380 2861 sed
405 2821 464 2861 non
487 2804 532 2862 itu
555 2801 617 2862 est“
641 2806 695 2862 etc.
732 2804 926 2879 quibuscum
944 2804 1042 2864 verbis
1061 2805 1089 2863 si
1106 2803 1268 2861 contuleris
1285 2821 1346 2861 non

328 2892 448 2949 tantum
475 2892 555 2967 quod
582 2893 621 2950 ad
642 2892 773 2951 eundem
801 2911 920 2951 versum
944 2893 1063 2953 Servius
1090 2892 1216 2951 adnotat
1242 2910 1345 2968 „prae-

330 2980 437 3056 cipitat
458 2999 513 3055 pro
535 2981 759 3057 praecipitatur,
782 2982 907 3040 verbum
930 3002 984 3058 pro
1008 2982 1105 3057 verbo,
1132 2984 1166 3040 ut
1189 2979 1345 3054 diximus‘,

329 3068 380 3127 scd
403 3070 496 3127 etiam
519 3088 595 3144 quae
618 3069 654 3128 de
677 3070 733 3129 hac
755 3090 787 3130 re
810 3071 902 3131 latius
926 3072 1061 3146 disputat
1084 3069 1122 3128 ad
1147 3070 1264 3144 1,104,
1292 3071 1345 3145 qui

329 3158 410 3217 locus
435 3161 465 3216 et
482 3158 681 3217 Burckasium
704 3163 735 3218 et
752 3159 907 3235 Hoppium
925 3161 1012 3238 fugit,
1033 3158 1168 3219 Servium
1188 3177 1206 3217 a
1224 3158 1344 3217 Donato

328 3248 501 3325 impugnari
528 3248 576 3307 vel
602 3248 672 3307 hinc
695 3250 758 3307 veri
782 3250 880 3308 simile
902 3248 1061 3307 videbitur.
1108 3248 1221 3307 accedit
1244 3250 1344 3306 autem

329 3337 410 3412 quod
429 3337 565 3395 Donatus
584 3339 617 3395 in
636 3337 737 3396 eodem
757 3337 946 3397 difficultatis
964 3356 1079 3416 genere,
1097 3337 1150 3395 ubi
1170 3336 1344 3395 Servianum

330 3426 609 3501 interpretationem
628 3428 740 3485 evitare
758 3445 845 3502 posse
865 3427 922 3486 sibi
940 3427 1067 3501 videtur,
1088 3428 1344 3501 1,104,pr0rem

330 3514 457 3573 avertit“
481 3517 585 3573 contra
608 3514 745 3574 Servium
772 3516 847 3593 legit
874 3520 904 3575 et
929 3519 979 3592 11,
996 3518 1060 3575 660
1082 3513 1268 3594 „bellantur“
1291 3534 1345 3590 per

329 3605 430 3679 „ipsae
453 3602 637 3679 pulsantur“‚
661 3623 731 3681 ergo
754 3606 882 3680 passive,
905 3625 964 3665 uon
987 3610 1022 3664 ut
1045 3605 1164 3664 Servius
1187 3624 1242 3680 pro
1266 3602 1343 3678 „bel-

322 3690 412 3749 rans‘
439 3692 582 3767 explicat,
610 3697 643 3752 at
671 3695 704 3761 6,
724 3694 789 3753 800
818 3694 948 3753 eiusdem
977 3694 1074 3753 Servii
1101 3692 1255 3768 „turbantr
1282 3696 1343 3751 tur·

301 3772 445 3848 bantur&
471 3782 545 3853 quia
571 3784 690 3843 euitare
713 3803 776 3845 non
800 3786 916 3863 potest,
936 3806 976 3845 nc
998 3784 1091 3844 uerbo
1109 3783 1230 3859 quidem
1244 3781 1345 3839 additu
