3250 4350
568 478 570 482 ·
667 443 939 503 AENamosi
991 452 993 456 ’
1240 445 1285 512 35

263 613 384 672 Aeneae
408 615 439 672 et
463 616 531 672 ante
553 611 648 688 ipsius
672 613 784 688 oculos,
806 617 850 688 ut,
869 615 944 689 quia¹
964 614 1012 672 illi
1033 634 1092 675 non
1117 613 1285 692 contigerat

262 703 389 760 interire
411 699 579 778 naufragio,
597 701 691 760 fidum
714 701 772 761 sibi
794 703 907 778 perisse
931 705 1116 778 conspiceret
1139 707 1229 779 atque
1246 723 1286 782 ex

263 810 305 852 eo,
331 809 416 851 casu⁴
437 790 540 851 dolore
571 789 754 850 adficeretur.
802 795 959 850 excusatur
992 789 1132 868 Orontes,
1163 812 1200 852 ne
1231 811 1286 868 per

263 879 440 955 inperitiam
462 898 570 938 navem
593 897 692 939 seeum
719 879 884 957 perdidisse
911 884 1082 957 putaretur3
1118 901 1190 940 nam
1217 900 1286 940 cum

239 969 370 1046 cingens
402 971 526 1045 pontus,
557 969 613 1029 hec
645 973 690 1028 est
722 969 767 1030 vis
795 971 893 1030 maior
920 973 951 1028 et
977 972 1099 1030 veniens
1128 989 1146 1029 a
1173 970 1286 1049 vertice

264 1077 372 1117 navem
396 1059 570 1133 operuisset,
593 1058 675 1133 quod
697 1077 716 1116 a
738 1058 826 1118 dorso
849 1058 948 1118 meret
971 1061 1071 1118 caveri
1093 1078 1154 1119 non
1176 1060 1301 1135 potuit(

263 1150 325 1206 iem
352 1148 486 1207 culidem
512 1147 626 1206 Ilionei
652 1164 769 1216 cacan,
804 1148 867 1206 iem
894 1149 979 1220 fortis
1005 1146 1137 1208 Achatae
1164 1152 1191 1207 et
1216 1154 1338 1221 qeclso

264 1241 360 1295 vectes
384 1234 468 1295 Abos
496 1240 524 1295 et
548 1255 608 1309 quc
633 1238 822 1310 yrcedceees
848 1235 946 1296 Aletes
973 1238 1042 1296 eicit
1069 1238 1194 1311 hiemps:
1229 1236 1284 1296 has
1352 1277 1359 1290 ,

264 1325 437 1401 specialiter
466 1343 533 1384 cum
560 1344 663 1385 corum
690 1325 861 1385 nominibus
894 1328 995 1401 posuit
1028 1327 1080 1401 qui
1106 1327 1139 1385 in
1166 1327 1204 1384 iis
1232 1345 1284 1401 po-

228 1417 356 1475 otiores
380 1413 565 1493 navigabant
587 1418 618 1474 et
640 1435 699 1475 uno
725 1433 796 1474 casu
818 1414 998 1474 ferebantn.
1040 1414 1164 1475 dicendo
1186 1431 1286 1474 emes

264 1506 415 1577 ceeigeient
449 1505 601 1563 inimicam
636 1505 757 1563 imbrem
793 1507 942 1577 remisque
972 1505 1114 1576 fotisemt
1154 1503 1285 1564 ostendit

263 1612 357 1652 unam
381 1592 514 1653 omnium
538 1611 659 1652 causam
682 1597 712 1653 et
735 1594 865 1653 similem
888 1592 980 1652 fluisse
1002 1594 1162 1653 fortunam.

332 1681 377 1740 Ut
400 1685 501 1740 autem
523 1701 584 1742 nen
606 1681 693 1756 plene
717 1683 865 1742 obtineret
888 1681 1001 1740 iactum
1020 1682 1182 1741 secundum
1199 1701 1284 1740 man-

265 1771 371 1830 datum
398 1770 535 1849 Iunonis,
562 1771 703 1846 Neptuno
731 1771 819 1831 datur
846 1773 978 1844 occasio,
1008 1773 1061 1846 qui
1083 1791 1143 1830 non
1165 1774 1286 1830 tantum

230 1881 253 1920 ro
265 1861 410 1919 iniuriam
438 1877 523 1918 suam
551 1863 729 1935 removeret,
757 1880 861 1919 verum
885 1862 977 1919 etiam
1000 1859 1138 1919 Troianis
1160 1879 1285 1936 pereun-

264 1949 345 2008 tibus
370 1947 547 2023 subveniret,
568 1947 670 2024 ibique
694 1948 872 2009 describitur
890 1949 1043 2024 conplesse
1062 1948 1190 2008 Aeolum
1208 1967 1285 2024 quae

264 2038 341 2098 Iuno
369 2036 580 2111 mandaverat,
608 2056 675 2096 curn
703 2036 776 2096 dicit
804 2040 955 2097 disiectare
981 2036 1099 2096 Aeaeae
1126 2040 1182 2096 toto
1208 2039 1287 2095 eiciet

265 2144 392 2201 aequore
420 2127 555 2195 classem,
583 2126 719 2198 [tactibus
742 2144 893 2200 oppressos
918 2127 1013 2187 Troos
1036 2128 1163 2200 coelique
1184 2128 1283 2186 raino.

264 2234 317 2275 nec
344 2217 456 2276 latuere
483 2216 542 2275 doli
568 2217 691 2288 fratrem
718 2217 846 2276 quenis
873 2220 991 2277 eticae.
1038 2218 1158 2276 meum
1180 2217 1221 2275 cd
1243 2234 1275 2274 ee
1286 2222 1339 2271 130

232 2306 489 2379 aZepbyrumquc
511 2309 602 2372 cocat,
625 2305 727 2364 debinc
750 2306 824 2365 telio
841 2307 931 2378 fotae.
971 2308 1077 2364 statim
1094 2305 1187 2365 sentit
1204 2305 1285 2364 unde

264 2396 339 2457 haec
372 2393 429 2453 hoc
456 2398 501 2453 est
524 2396 611 2473 ¹cuius
639 2393 707 2453 dolo
736 2398 834 2454 essent
863 2396 1010 2470 perlecta3
1046 2396 1172 2454 trabem
1204 2396 1286 2453 enim

266 2476 379 2544 sororis
402 2484 564 2558 pessimum
587 2482 718 2541 studium
741 2504 801 2543 non
825 2483 946 2543 latebat.
984 2486 1104 2543 vocavit
1122 2486 1227 2542 ventos
1247 2482 1286 2543 ad

266 2591 329 2632 sese
344 2576 375 2631 et
389 2571 561 2632 huiusmodi
575 2571 682 2630 habuit
696 2571 945 2650 obiurgationem‚
962 2592 1037 2648 quae
1057 2575 1114 2631 erit
1131 2572 1286 2648 pathetica

266 2666 372 2738 utpote
396 2663 539 2721 commoti
555 2664 587 2719 et
604 2660 685 2734 irati,
708 2660 824 2721 abscisa
847 2662 903 2722 hoc
925 2666 970 2721 est
993 2682 1052 2721 non
1072 2663 1214 2721 continue
1231 2679 1285 2720 nec

234 2748 438 2826 conposita,
464 2749 563 2809 brevis
592 2752 697 2825 etiam,
722 2750 927 2812 subvenientis
955 2752 1035 2809 enirn
1061 2751 1093 2809 in
1116 2750 1172 2809 tali
1196 2768 1287 2810 eausa

218 2848 220 2858 '
267 2839 445 2899 beneficium
466 2838 690 2913 multiloquium
712 2859 772 2899 non
796 2839 967 2916 quaerebat.
1014 2844 1134 2898 tactam
1161 2857 1212 2898 cce
1237 2858 1285 2912 ee-

218 2947 222 3018 ;Ι
269 2932 346 2988 certe
379 2930 471 2987 acce
500 2929 611 3000 fiducie
642 2930 750 2987 vesta?
803 2928 911 3005 incipit
942 2928 980 2987 ab
1013 2930 1180 2988 invectione
1213 2921 1286 3009 (hoc

271 3021 347 3076 enim
372 3035 466 3095 genus
488 3016 631 3075 materiae
654 3036 715 3076 non
732 3017 824 3076 babet
841 3010 1039 3098 principium)
1058 3021 1088 3076 et
1107 3019 1219 3075 crimen
1237 3036 1285 3076 ex·

272 3111 394 3185 aggerat
417 3107 518 3166 dicens
541 3125 591 3166 eos
613 3125 674 3165 non
692 3105 789 3165 solum
807 3125 892 3166 suam
911 3106 963 3165 sed
980 3106 1193 3165 hereditariam
1212 3124 1284 3181 que·

244 3212 325 3271 aque
349 3198 459 3255 sectari
481 3196 689 3268 temeritatem,
713 3195 792 3270 quod
816 3215 908 3273 genus
931 3195 1007 3270 vitii,
1034 3194 1175 3271 quoniam
1198 3197 1284 3252 natu·

274 3285 331 3343 ralc
350 3288 405 3359 est,
424 3305 484 3343 non
506 3288 606 3361 potest
629 3284 788 3343 emendari.
827 3285 931 3343 volunt
954 3286 1034 3343 enim
1057 3287 1161 3343 ventos
1184 3287 1285 3359 patres

342 3471 575 3542 lqaiahlted.
595 3475 712 3540 atocio
730 3489 788 3526 noe.
868 3478 936 3526 lex
955 3488 1008 3525 om.
1027 3471 1070 3524 ed.
1144 3472 1284 3538 limprc

218 3547 226 3594 l
278 3542 392 3599 amiam
411 3543 454 3598 ed.
511 3544 613 3611 isoetc'
630 3544 682 3595 th
700 3560 805 3597 cornr.
862 3545 988 3597 8Aletes
1006 3558 1059 3594 om.
1079 3542 1131 3594 th
1150 3541 1213 3594 add.
1234 3541 1282 3611 r(

278 3613 319 3669 bue
335 3615 390 3669 ΒΗ
407 3616 457 3669 bea
476 3615 518 3668 ed.
601 3617 672 3669 etis
690 3615 742 3668 LR
760 3616 803 3668 bie
821 3614 865 3667 ed.
949 3620 982 3667 14
1002 3615 1097 3682 Neptu
1114 3613 1140 3664 R
1158 3614 1287 3681 Neptuni

218 3683 234 3896 p
279 3682 351 3741 Led.
372 3687 505 3755 Neptune
523 3701 582 3739 nos.
656 3692 689 3739 15
707 3691 844 3741 revocaret
861 3686 903 3741 ed.
978 3690 1013 3740 23
1032 3691 1093 3743 eret
1117 3683 1162 3740 cd.
1178 3686 1260 3756 post.

280 3759 307 3809 ²4
322 3759 446 3813 merbec
462 3755 514 3809 ΒΕ
531 3772 596 3809 cerr.
617 3756 657 3811 ed.
742 3763 777 3814 25
795 3776 884 3818 eausa
903 3760 958 3817 LR
978 3780 1050 3821 cesa
1070 3762 1113 3819 ed.
1204 3763 1240 3813 ‘li
1263 3759 1312 3813 ire

277 3831 386 3880 ambae
403 3826 443 3877 ed.
516 3830 549 3876 31
568 3829 678 3881 centia

1054 3932 1094 3991 3⁸
