<?xml version="1.0" encoding="UTF-8"?>
<!DOCTYPE html PUBLIC "-//W3C//DTD XHTML 1.0 Transitional//EN"
    "http://www.w3.org/TR/xhtml1/DTD/xhtml1-transitional.dtd">
<html xmlns="http://www.w3.org/1999/xhtml" xml:lang="en" lang="en">
 <head>
  <title>
</title>
<meta http-equiv="Content-Type" content="text/html;charset=utf-8" />
  <meta name='ocr-system' content='tesseract 3.04.00' />
  <meta name='ocr-capabilities' content='ocr_page ocr_carea ocr_par ocr_line ocrx_word'/>
</head>
<body>
  <div class='ocr_page' id='page_1' title='image "./tibericlaudidon01georgoog_0090.png"; bbox 0 0 3250 4350; ppageno 0'>
   <div class='ocr_carea' id='block_1_1' title="bbox 347 425 1081 496">
    <p class='ocr_par' dir='ltr' id='par_1_1' title="bbox 347 425 1081 496">
     <span class='ocr_line' id='line_1_1' title="bbox 347 425 1081 496; baseline 0.001 -11"><span class='ocrx_word' id='word_1_1' title='bbox 347 430 391 496; x_wconf 81' lang='lat'><strong>36</strong></span> <span class='ocrx_word' id='word_1_2' title='bbox 626 429 767 485; x_wconf 85' lang='lat' dir='ltr'><strong>DONATI</strong></span> <span class='ocrx_word' id='word_1_3' title='bbox 784 425 954 487; x_wconf 67' lang='lat' dir='ltr'><strong>mrum.-</strong></span> <span class='ocrx_word' id='word_1_4' title='bbox 973 430 1081 486; x_wconf 81' lang='lat' dir='ltr'><strong>VERG.</strong></span> 
     </span>
    </p>
   </div>
   <div class='ocr_carea' id='block_1_2' title="bbox 294 598 1397 3169">
    <p class='ocr_par' dir='ltr' id='par_1_2' title="bbox 294 598 1397 3169">
     <span class='ocr_line' id='line_1_2' title="bbox 346 598 1366 679; baseline 0.001 -21"><span class='ocrx_word' id='word_1_5' title='bbox 346 600 487 661; x_wconf 87' lang='lat' dir='ltr'><strong>habuisse</strong></span> <span class='ocrx_word' id='word_1_6' title='bbox 505 598 657 679; x_wconf 80' lang='lat' dir='ltr'><strong>Gigantes,</strong></span> <span class='ocrx_word' id='word_1_7' title='bbox 677 602 730 675; x_wconf 90' lang='lat' dir='ltr'><strong>qui</strong></span> <span class='ocrx_word' id='word_1_8' title='bbox 748 618 816 658; x_wconf 93' lang='lat' dir='ltr'><strong>cum</strong></span> <span class='ocrx_word' id='word_1_9' title='bbox 833 599 946 659; x_wconf 87' lang='lat' dir='ltr'><strong>bellum</strong></span> <span class='ocrx_word' id='word_1_10' title='bbox 964 601 1021 659; x_wconf 88' lang='lat' dir='ltr'><strong>diis</strong></span> <span class='ocrx_word' id='word_1_11' title='bbox 1039 599 1221 674; x_wconf 76' lang='lat' dir='ltr'><strong>intulissent,</strong></span> <span class='ocrx_word' id='word_1_12' title='bbox 1241 600 1366 661; x_wconf 85' lang='lat' dir='ltr'><strong>diversis</strong></span> 
     </span>
     <span class='ocr_line' id='line_1_3' title="bbox 347 689 1367 766; baseline 0.001 -18"><span class='ocrx_word' id='word_1_13' title='bbox 347 689 503 766; x_wconf 81' lang='lat' dir='ltr'><strong>suppliciis</strong></span> <span class='ocrx_word' id='word_1_14' title='bbox 535 689 695 765; x_wconf 89' lang='lat' dir='ltr'><strong>perierunt.</strong></span> <span class='ocrx_word' id='word_1_15' title='bbox 742 707 812 765; x_wconf 84' lang='lat' dir='ltr'><strong>ergo</strong></span> <span class='ocrx_word' id='word_1_16' title='bbox 831 689 890 748; x_wconf 75' lang='lat' dir='ltr'><strong>&#39;ait</strong></span> <span class='ocrx_word' id='word_1_17' title='bbox 920 693 1044 748; x_wconf 89' lang='lat' dir='ltr'><strong>tantane</strong></span> <span class='ocrx_word' id='word_1_18' title='bbox 1070 709 1145 764; x_wconf 78' lang='lat' dir='ltr'><strong>vos,</strong></span> <span class='ocrx_word' id='word_1_19' title='bbox 1167 693 1205 748; x_wconf 88' lang='lat' dir='ltr'><strong>ut</strong></span> <span class='ocrx_word' id='word_1_20' title='bbox 1230 691 1367 766; x_wconf 87' lang='lat' dir='ltr'><strong>ipsorum</strong></span> 
     </span>
     <span class='ocr_line' id='line_1_4' title="bbox 347 777 1367 856; baseline 0.001 -18"><span class='ocrx_word' id='word_1_21' title='bbox 347 781 424 838; x_wconf 90' lang='lat' dir='ltr'><strong>esset</strong></span> <span class='ocrx_word' id='word_1_22' title='bbox 447 778 559 837; x_wconf 79' lang='lat' dir='ltr'><strong>crimen</strong></span> <span class='ocrx_word' id='word_1_23' title='bbox 582 777 662 854; x_wconf 90' lang='lat' dir='ltr'><strong>quod</strong></span> <span class='ocrx_word' id='word_1_24' title='bbox 685 777 881 852; x_wconf 73' lang='lat' dir='ltr'><strong>admiserant,</strong></span> <span class='ocrx_word' id='word_1_25' title='bbox 909 782 986 837; x_wconf 91' lang='lat' dir='ltr'><strong>esset</strong></span> <span class='ocrx_word' id='word_1_26' title='bbox 1013 779 1104 838; x_wconf 87' lang='lat' dir='ltr'><strong>etiam</strong></span> <span class='ocrx_word' id='word_1_27' title='bbox 1126 779 1278 856; x_wconf 77' lang='lat' dir='ltr'><strong>originale</strong></span> <span class='ocrx_word' id='word_1_28' title='bbox 1296 798 1367 839; x_wconf 89' lang='lat' dir='ltr'><strong>san·</strong></span> 
     </span>
     <span class='ocr_line' id='line_1_5' title="bbox 347 866 1368 946; baseline 0.002 -20"><span class='ocrx_word' id='word_1_29' title='bbox 347 869 460 946; x_wconf 85' lang='lat' dir='ltr'><strong>guinis,</strong></span> <span class='ocrx_word' id='word_1_30' title='bbox 488 869 605 945; x_wconf 80' lang='lat' dir='ltr'><strong>generis</strong></span> <span class='ocrx_word' id='word_1_31' title='bbox 636 868 734 925; x_wconf 87' lang='lat' dir='ltr'><strong>tenuit</strong></span> <span class='ocrx_word' id='word_1_32' title='bbox 765 866 876 926; x_wconf 88' lang='lat' dir='ltr'><strong>fiducia</strong></span> <span class='ocrx_word' id='word_1_33' title='bbox 907 869 1013 926; x_wconf 82' lang='lat' dir='ltr'><strong>vestri:</strong></span> <span class='ocrx_word' id='word_1_34' title='bbox 1050 871 1081 926; x_wconf 91' lang='lat' dir='ltr'><strong>et</strong></span> <span class='ocrx_word' id='word_1_35' title='bbox 1107 867 1179 926; x_wconf 88' lang='lat' dir='ltr'><strong>licet</strong></span> <span class='ocrx_word' id='word_1_36' title='bbox 1205 872 1368 943; x_wconf 86' lang='lat' dir='ltr'><strong>parentum</strong></span> 
     </span>
     <span class='ocr_line' id='line_1_6' title="bbox 346 955 1397 1034; baseline -0.001 -18"><span class='ocrx_word' id='word_1_37' title='bbox 346 958 543 1032; x_wconf 90' lang='lat' dir='ltr'><strong>pessimorum</strong></span> <span class='ocrx_word' id='word_1_38' title='bbox 566 959 650 1034; x_wconf 85' lang='lat' dir='ltr'><strong>gesta</strong></span> <span class='ocrx_word' id='word_1_39' title='bbox 672 975 733 1015; x_wconf 91' lang='lat' dir='ltr'><strong>non</strong></span> <span class='ocrx_word' id='word_1_40' title='bbox 756 956 908 1015; x_wconf 78' lang='lat' dir='ltr'><strong>maculent</strong></span> <span class='ocrx_word' id='word_1_41' title='bbox 930 955 1021 1030; x_wconf 85' lang='lat' dir='ltr'><strong>filios,</strong></span> <span class='ocrx_word' id='word_1_42' title='bbox 1043 956 1235 1033; x_wconf 88' lang='lat' dir='ltr'><strong>polluuntur,</strong></span> <span class='ocrx_word' id='word_1_43' title='bbox 1264 958 1291 1016; x_wconf 94' lang='lat' dir='ltr'><strong>si</strong></span> <span class='ocrx_word' id='word_1_44' title='bbox 1314 974 1397 1034; x_wconf 78' lang='lat' dir='ltr'><strong>pri-i</strong></span> 
     </span>
     <span class='ocr_line' id='line_1_7' title="bbox 345 1045 1367 1120; baseline 0.001 -15"><span class='ocrx_word' id='word_1_45' title='bbox 345 1048 427 1105; x_wconf 89' lang='lat' dir='ltr'><strong>trum</strong></span> <span class='ocrx_word' id='word_1_46' title='bbox 459 1045 582 1106; x_wconf 86' lang='lat' dir='ltr'><strong>suorum</strong></span> <span class='ocrx_word' id='word_1_47' title='bbox 615 1045 696 1104; x_wconf 82' lang='lat' dir='ltr'><strong>iacta</strong></span> <span class='ocrx_word' id='word_1_48' title='bbox 726 1047 927 1120; x_wconf 88' lang='lat' dir='ltr'><strong>institutaque</strong></span> <span class='ocrx_word' id='word_1_49' title='bbox 958 1048 1115 1104; x_wconf 90' lang='lat' dir='ltr'><strong>sectentur.</strong></span> <span class='ocrx_word' id='word_1_50' title='bbox 1161 1047 1223 1104; x_wconf 85' lang='lat' dir='ltr'><strong>iam</strong></span> <span class='ocrx_word' id='word_1_51' title='bbox 1254 1048 1367 1106; x_wconf 73' lang='lat' dir='ltr'><strong>caelum</strong></span> 
     </span>
     <span class='ocr_line' id='line_1_8' title="bbox 298 1133 1369 1210; baseline 0.002 -18"><span class='ocrx_word' id='word_1_52' title='bbox 298 1135 305 1175; x_wconf 83' lang='grc'><strong>-’</strong></span> <span class='ocrx_word' id='word_1_53' title='bbox 347 1139 526 1208; x_wconf 79' lang='lat' dir='ltr'><strong>terramque:</strong></span> <span class='ocrx_word' id='word_1_54' title='bbox 563 1133 679 1193; x_wconf 85' lang='lat' dir='ltr'><strong>abscisa</strong></span> <span class='ocrx_word' id='word_1_55' title='bbox 707 1133 798 1193; x_wconf 90' lang='lat' dir='ltr'><strong>dictio</strong></span> <span class='ocrx_word' id='word_1_56' title='bbox 827 1136 891 1193; x_wconf 90' lang='lat' dir='ltr'><strong>eius</strong></span> <span class='ocrx_word' id='word_1_57' title='bbox 919 1152 954 1192; x_wconf 87' lang='lat' dir='ltr'><strong>ac</strong></span> <span class='ocrx_word' id='word_1_58' title='bbox 981 1134 1079 1193; x_wconf 89' lang='lat' dir='ltr'><strong>brevis</strong></span> <span class='ocrx_word' id='word_1_59' title='bbox 1109 1136 1162 1210; x_wconf 88' lang='lat' dir='ltr'><strong>qui</strong></span> <span class='ocrx_word' id='word_1_60' title='bbox 1184 1134 1369 1210; x_wconf 85' lang='lat' dir='ltr'><strong>loquebatur</strong></span> 
     </span>
     <span class='ocr_line' id='line_1_9' title="bbox 345 1222 1367 1302; baseline 0.002 -20"><span class='ocrx_word' id='word_1_61' title='bbox 345 1227 441 1282; x_wconf 88' lang='lat' dir='ltr'><strong>iratus</strong></span> <span class='ocrx_word' id='word_1_62' title='bbox 470 1227 500 1282; x_wconf 93' lang='lat' dir='ltr'><strong>et</strong></span> <span class='ocrx_word' id='word_1_63' title='bbox 533 1225 587 1298; x_wconf 91' lang='lat' dir='ltr'><strong>qui</strong></span> <span class='ocrx_word' id='word_1_64' title='bbox 618 1223 657 1282; x_wconf 90' lang='lat' dir='ltr'><strong>ad</strong></span> <span class='ocrx_word' id='word_1_65' title='bbox 689 1222 853 1283; x_wconf 87' lang='lat' dir='ltr'><strong>sedandum</strong></span> <span class='ocrx_word' id='word_1_66' title='bbox 884 1228 1033 1282; x_wconf 88' lang='lat' dir='ltr'><strong>tumorem</strong></span> <span class='ocrx_word' id='word_1_67' title='bbox 1065 1224 1167 1302; x_wconf 77' lang='lat' dir='ltr'><strong>pelagi</strong></span> <span class='ocrx_word' id='word_1_68' title='bbox 1197 1223 1367 1298; x_wconf 81' lang='lat' dir='ltr'><strong>festinaret,</strong></span> 
     </span>
     <span class='ocr_line' id='line_1_10' title="bbox 345 1311 1367 1389; baseline 0.002 -18"><span class='ocrx_word' id='word_1_69' title='bbox 345 1313 473 1388; x_wconf 89' lang='lat' dir='ltr'><strong>denique</strong></span> <span class='ocrx_word' id='word_1_70' title='bbox 491 1314 613 1371; x_wconf 89' lang='lat' dir='ltr'><strong>transiit</strong></span> <span class='ocrx_word' id='word_1_71' title='bbox 631 1316 661 1371; x_wconf 90' lang='lat' dir='ltr'><strong>et</strong></span> <span class='ocrx_word' id='word_1_72' title='bbox 683 1311 720 1370; x_wconf 91' lang='lat' dir='ltr'><strong>ab</strong></span> <span class='ocrx_word' id='word_1_73' title='bbox 740 1313 870 1370; x_wconf 89' lang='lat' dir='ltr'><strong>aliorum</strong></span> <span class='ocrx_word' id='word_1_74' title='bbox 888 1313 999 1370; x_wconf 92' lang='lat' dir='ltr'><strong>iniuria</strong></span> <span class='ocrx_word' id='word_1_75' title='bbox 1018 1314 1243 1387; x_wconf 89' lang='lat' dir='ltr'><strong>elementorum,</strong></span> <span class='ocrx_word' id='word_1_76' title='bbox 1263 1333 1283 1372; x_wconf 88' lang='lat' dir='ltr'><strong>a</strong></span> <span class='ocrx_word' id='word_1_77' title='bbox 1302 1315 1367 1389; x_wconf 91' lang='lat' dir='ltr'><strong>qui-</strong></span> 
     </span>
     <span class='ocr_line' id='line_1_11' title="bbox 344 1401 1396 1477; baseline 0.003 -18"><span class='ocrx_word' id='word_1_78' title='bbox 344 1402 400 1460; x_wconf 92' lang='lat' dir='ltr'><strong>bus</strong></span> <span class='ocrx_word' id='word_1_79' title='bbox 433 1421 501 1459; x_wconf 91' lang='lat' dir='ltr'><strong>eum</strong></span> <span class='ocrx_word' id='word_1_80' title='bbox 529 1402 685 1460; x_wconf 83' lang='lat' dir='ltr'><strong>constabat</strong></span> <span class='ocrx_word' id='word_1_81' title='bbox 713 1401 856 1475; x_wconf 90' lang='lat' dir='ltr'><strong>alienum,</strong></span> <span class='ocrx_word' id='word_1_82' title='bbox 884 1402 967 1460; x_wconf 84' lang='lat' dir='ltr'><strong>venit</strong></span> <span class='ocrx_word' id='word_1_83' title='bbox 998 1403 1061 1460; x_wconf 89' lang='lat' dir='ltr'><strong>iam</strong></span> <span class='ocrx_word' id='word_1_84' title='bbox 1089 1402 1127 1460; x_wconf 91' lang='lat' dir='ltr'><strong>ad</strong></span> <span class='ocrx_word' id='word_1_85' title='bbox 1154 1402 1287 1477; x_wconf 91' lang='lat' dir='ltr'><strong>speciale</strong></span> <span class='ocrx_word' id='word_1_86' title='bbox 1316 1403 1396 1462; x_wconf 47' lang='lat' dir='ltr'><strong>ader</strong></span> 
     </span>
     <span class='ocr_line' id='line_1_12' title="bbox 345 1489 1364 1567; baseline 0.003 -19"><span class='ocrx_word' id='word_1_87' title='bbox 345 1491 470 1548; x_wconf 88' lang='lat' dir='ltr'><strong>missum</strong></span> <span class='ocrx_word' id='word_1_88' title='bbox 493 1490 573 1565; x_wconf 89' lang='lat' dir='ltr'><strong>quod</strong></span> <span class='ocrx_word' id='word_1_89' title='bbox 595 1509 720 1567; x_wconf 85' lang='lat' dir='ltr'><strong>regnum</strong></span> <span class='ocrx_word' id='word_1_90' title='bbox 743 1489 806 1548; x_wconf 88' lang='lat' dir='ltr'><strong>eius</strong></span> <span class='ocrx_word' id='word_1_91' title='bbox 829 1490 1046 1565; x_wconf 88' lang='lat' dir='ltr'><strong>imperiumque</strong></span> <span class='ocrx_word' id='word_1_92' title='bbox 1069 1490 1254 1550; x_wconf 85' lang='lat' dir='ltr'><strong>turbaverat.</strong></span> <span class='ocrx_word' id='word_1_93' title='bbox 1294 1509 1364 1559; x_wconf 84' lang='lat' dir='ltr'><strong>meo,</strong></span> 
     </span>
     <span class='ocr_line' id='line_1_13' title="bbox 344 1581 1365 1653; baseline 0.002 -17"><span class='ocrx_word' id='word_1_94' title='bbox 344 1581 453 1653; x_wconf 88' lang='lat' dir='ltr'><strong>inquit,</strong></span> <span class='ocrx_word' id='word_1_95' title='bbox 475 1581 539 1637; x_wconf 80' lang='lat' dir='ltr'><strong>sine</strong></span> <span class='ocrx_word' id='word_1_96' title='bbox 560 1581 688 1646; x_wconf 72' lang='lat' dir='ltr'><strong>emmae,</strong></span> <span class='ocrx_word' id='word_1_97' title='bbox 712 1581 798 1647; x_wconf 79' lang='lat' dir='ltr'><strong>ceriti,</strong></span> <span class='ocrx_word' id='word_1_98' title='bbox 822 1581 941 1637; x_wconf 72' lang='lat' dir='ltr'><strong>misem</strong></span> <span class='ocrx_word' id='word_1_99' title='bbox 964 1583 990 1638; x_wconf 81' lang='lat' dir='ltr'><strong>et</strong></span> <span class='ocrx_word' id='word_1_100' title='bbox 1011 1583 1111 1638; x_wconf 68' lang='lat' dir='ltr'><strong>tamo</strong></span> <span class='ocrx_word' id='word_1_101' title='bbox 1133 1581 1251 1638; x_wconf 49' lang='lat' dir='ltr'><strong>audet&amp;</strong></span> <span class='ocrx_word' id='word_1_102' title='bbox 1269 1582 1365 1640; x_wconf 81' lang='lat' dir='ltr'><strong>tollere</strong></span> 
     </span>
     <span class='ocr_line' id='line_1_14' title="bbox 344 1668 1363 1744; baseline 0.003 -19"><span class='ocrx_word' id='word_1_103' title='bbox 344 1669 453 1726; x_wconf 70' lang='lat' dir='ltr'><strong>uicies?</strong></span> <span class='ocrx_word' id='word_1_104' title='bbox 498 1686 564 1727; x_wconf 93' lang='lat' dir='ltr'><strong>meo</strong></span> <span class='ocrx_word' id='word_1_105' title='bbox 597 1670 660 1725; x_wconf 88' lang='lat' dir='ltr'><strong>sine</strong></span> <span class='ocrx_word' id='word_1_106' title='bbox 692 1669 827 1741; x_wconf 88' lang='lat' dir='ltr'><strong>numine,</strong></span> <span class='ocrx_word' id='word_1_107' title='bbox 859 1668 915 1728; x_wconf 92' lang='lat' dir='ltr'><strong>boc</strong></span> <span class='ocrx_word' id='word_1_108' title='bbox 947 1671 992 1726; x_wconf 90' lang='lat' dir='ltr'><strong>est</strong></span> <span class='ocrx_word' id='word_1_109' title='bbox 1023 1671 1194 1744; x_wconf 85' lang='lat' dir='ltr'><strong>contempto</strong></span> <span class='ocrx_word' id='word_1_110' title='bbox 1231 1689 1281 1728; x_wconf 90' lang='lat' dir='ltr'><strong>me</strong></span> <span class='ocrx_word' id='word_1_111' title='bbox 1318 1671 1363 1728; x_wconf 82' lang='lat' dir='ltr'><strong>vel</strong></span> 
     </span>
     <span class='ocr_line' id='line_1_15' title="bbox 345 1756 1361 1833; baseline 0.002 -18"><span class='ocrx_word' id='word_1_112' title='bbox 345 1760 449 1816; x_wconf 89' lang='lat' dir='ltr'><strong>contra</strong></span> <span class='ocrx_word' id='word_1_113' title='bbox 482 1757 667 1815; x_wconf 88' lang='lat' dir='ltr'><strong>voluntatem</strong></span> <span class='ocrx_word' id='word_1_114' title='bbox 697 1775 804 1815; x_wconf 90' lang='lat' dir='ltr'><strong>meam.</strong></span> <span class='ocrx_word' id='word_1_115' title='bbox 851 1758 934 1815; x_wconf 85' lang='lat' dir='ltr'><strong>venti</strong></span> <span class='ocrx_word' id='word_1_116' title='bbox 966 1756 1079 1816; x_wconf 90' lang='lat' dir='ltr'><strong>abiecte</strong></span> <span class='ocrx_word' id='word_1_117' title='bbox 1106 1759 1361 1833; x_wconf 88' lang='lat' dir='ltr'><strong>pronuntiandum</strong></span> 
     </span>
     <span class='ocr_line' id='line_1_16' title="bbox 346 1845 1387 1922; baseline -0.001 -18"><span class='ocrx_word' id='word_1_118' title='bbox 346 1849 403 1920; x_wconf 86' lang='lat' dir='ltr'><strong>est,</strong></span> <span class='ocrx_word' id='word_1_119' title='bbox 430 1849 465 1904; x_wconf 91' lang='lat' dir='ltr'><strong>ut</strong></span> <span class='ocrx_word' id='word_1_120' title='bbox 488 1845 657 1904; x_wconf 86' lang='lat' dir='ltr'><strong>convicium</strong></span> <span class='ocrx_word' id='word_1_121' title='bbox 684 1847 736 1920; x_wconf 90' lang='lat' dir='ltr'><strong>sit,</strong></span> <span class='ocrx_word' id='word_1_122' title='bbox 764 1865 825 1905; x_wconf 92' lang='lat' dir='ltr'><strong>non</strong></span> <span class='ocrx_word' id='word_1_123' title='bbox 855 1865 971 1904; x_wconf 89' lang='lat' dir='ltr'><strong>nomen.</strong></span> <span class='ocrx_word' id='word_1_124' title='bbox 1016 1845 1155 1922; x_wconf 83' lang='lat' dir='ltr'><strong>probatio</strong></span> <span class='ocrx_word' id='word_1_125' title='bbox 1184 1850 1288 1906; x_wconf 90' lang='lat' dir='ltr'><strong>autem</strong></span> <span class='ocrx_word' id='word_1_126' title='bbox 1315 1847 1387 1906; x_wconf 78' lang='lat' dir='ltr'><strong>adu</strong></span> 
     </span>
     <span class='ocr_line' id='line_1_17' title="bbox 345 1933 1360 2013; baseline 0 -20"><span class='ocrx_word' id='word_1_127' title='bbox 345 1936 428 1993; x_wconf 88' lang='lat' dir='ltr'><strong>missi</strong></span> <span class='ocrx_word' id='word_1_128' title='bbox 453 1936 585 1993; x_wconf 90' lang='lat' dir='ltr'><strong>criminis</strong></span> <span class='ocrx_word' id='word_1_129' title='bbox 609 1933 828 1993; x_wconf 85' lang='lat' dir='ltr'><strong>admirabiliter</strong></span> <span class='ocrx_word' id='word_1_130' title='bbox 849 1936 959 2011; x_wconf 86' lang='lat' dir='ltr'><strong>posita,</strong></span> <span class='ocrx_word' id='word_1_131' title='bbox 981 1937 1016 1993; x_wconf 87' lang='lat' dir='ltr'><strong>ut</strong></span> <span class='ocrx_word' id='word_1_132' title='bbox 1039 1935 1121 2010; x_wconf 91' lang='lat' dir='ltr'><strong>quod</strong></span> <span class='ocrx_word' id='word_1_133' title='bbox 1139 1936 1289 2013; x_wconf 82' lang='lat' dir='ltr'><strong>arguebat</strong></span> <span class='ocrx_word' id='word_1_134' title='bbox 1305 1955 1360 1996; x_wconf 91' lang='lat' dir='ltr'><strong>non</strong></span> 
     </span>
     <span class='ocr_line' id='line_1_18' title="bbox 346 2021 1359 2099; baseline 0 -17"><span class='ocrx_word' id='word_1_135' title='bbox 346 2023 495 2083; x_wconf 82' lang='lat' dir='ltr'><strong>adsereret</strong></span> <span class='ocrx_word' id='word_1_136' title='bbox 527 2022 638 2096; x_wconf 82' lang='lat' dir='ltr'><strong>uerbis,</strong></span> <span class='ocrx_word' id='word_1_137' title='bbox 675 2021 725 2082; x_wconf 89' lang='lat' dir='ltr'><strong>sed</strong></span> <span class='ocrx_word' id='word_1_138' title='bbox 758 2025 832 2099; x_wconf 91' lang='lat' dir='ltr'><strong>ipsis</strong></span> <span class='ocrx_word' id='word_1_139' title='bbox 864 2023 1032 2098; x_wconf 83' lang='lat' dir='ltr'><strong>aspectibus</strong></span> <span class='ocrx_word' id='word_1_140' title='bbox 1065 2023 1207 2083; x_wconf 89' lang='lat' dir='ltr'><strong>subderet</strong></span> <span class='ocrx_word' id='word_1_141' title='bbox 1241 2023 1359 2084; x_wconf 90' lang='lat' dir='ltr'><strong>dicendo</strong></span> 
     </span>
     <span class='ocr_line' id='line_1_19' title="bbox 294 2110 1358 2189; baseline 0.005 -23"><span class='ocrx_word' id='word_1_142' title='bbox 294 2120 344 2168; x_wconf 77' lang='lat'><strong>135</strong></span> <span class='ocrx_word' id='word_1_143' title='bbox 353 2116 455 2171; x_wconf 88' lang='lat' dir='ltr'><strong>tantas</strong></span> <span class='ocrx_word' id='word_1_144' title='bbox 479 2112 595 2170; x_wconf 88' lang='lat' dir='ltr'><strong>audetis</strong></span> <span class='ocrx_word' id='word_1_145' title='bbox 618 2112 724 2171; x_wconf 90' lang='lat' dir='ltr'><strong>tollere</strong></span> <span class='ocrx_word' id='word_1_146' title='bbox 747 2110 862 2171; x_wconf 85' lang='lat' dir='ltr'><strong>moles?</strong></span> <span class='ocrx_word' id='word_1_147' title='bbox 903 2130 975 2185; x_wconf 78' lang='lat' dir='ltr'><strong>quos</strong></span> <span class='ocrx_word' id='word_1_148' title='bbox 999 2115 1066 2187; x_wconf 74' lang='lat' dir='ltr'><strong>epo!</strong></span> <span class='ocrx_word' id='word_1_149' title='bbox 1102 2111 1161 2174; x_wconf 87' lang='lat' dir='ltr'><strong>duo</strong></span> <span class='ocrx_word' id='word_1_150' title='bbox 1185 2116 1358 2189; x_wconf 81' lang='lat' dir='ltr'><strong>pronomina</strong></span> 
     </span>
     <span class='ocr_line' id='line_1_20' title="bbox 295 2202 1357 2277; baseline 0.001 -17"><span class='ocrx_word' id='word_1_151' title='bbox 295 2217 305 2247; x_wconf 68' lang='lat'>2</span> <span class='ocrx_word' id='word_1_152' title='bbox 346 2221 414 2260; x_wconf 92' lang='lat' dir='ltr'><strong>cum</strong></span> <span class='ocrx_word' id='word_1_153' title='bbox 445 2202 575 2277; x_wconf 90' lang='lat' dir='ltr'><strong>pondere</strong></span> <span class='ocrx_word' id='word_1_154' title='bbox 608 2220 674 2274; x_wconf 79' lang='lat' dir='ltr'><strong>suo3</strong></span> <span class='ocrx_word' id='word_1_155' title='bbox 711 2221 781 2260; x_wconf 91' lang='lat' dir='ltr'><strong>nam</strong></span> <span class='ocrx_word' id='word_1_156' title='bbox 815 2220 889 2277; x_wconf 92' lang='lat' dir='ltr'><strong>quos</strong></span> <span class='ocrx_word' id='word_1_157' title='bbox 920 2202 976 2261; x_wconf 92' lang='lat' dir='ltr'><strong>hoc</strong></span> <span class='ocrx_word' id='word_1_158' title='bbox 1009 2205 1054 2261; x_wconf 90' lang='lat' dir='ltr'><strong>est</strong></span> <span class='ocrx_word' id='word_1_159' title='bbox 1081 2203 1242 2263; x_wconf 86' lang='lat' dir='ltr'><strong>sceleratos</strong></span> <span class='ocrx_word' id='word_1_160' title='bbox 1271 2208 1301 2263; x_wconf 90' lang='lat' dir='ltr'><strong>et</strong></span> <span class='ocrx_word' id='word_1_161' title='bbox 1328 2221 1357 2262; x_wconf 81' lang='lat' dir='ltr'><strong>ex</strong></span> 
     </span>
     <span class='ocr_line' id='line_1_21' title="bbox 345 2291 1382 2369; baseline 0.004 -20"><span class='ocrx_word' id='word_1_162' title='bbox 345 2292 481 2366; x_wconf 86' lang='lat' dir='ltr'><strong>pessimis</strong></span> <span class='ocrx_word' id='word_1_163' title='bbox 510 2293 627 2367; x_wconf 85' lang='lat' dir='ltr'><strong>genitos</strong></span> <span class='ocrx_word' id='word_1_164' title='bbox 656 2294 685 2348; x_wconf 90' lang='lat' dir='ltr'><strong>et</strong></span> <span class='ocrx_word' id='word_1_165' title='bbox 714 2294 810 2349; x_wconf 88' lang='lat' dir='ltr'><strong>cetera</strong></span> <span class='ocrx_word' id='word_1_166' title='bbox 840 2310 915 2366; x_wconf 88' lang='lat' dir='ltr'><strong>quae</strong></span> <span class='ocrx_word' id='word_1_167' title='bbox 939 2292 1044 2350; x_wconf 90' lang='lat' dir='ltr'><strong>sentiri</strong></span> <span class='ocrx_word' id='word_1_168' title='bbox 1067 2291 1208 2351; x_wconf 85' lang='lat' dir='ltr'><strong>similiter</strong></span> <span class='ocrx_word' id='word_1_169' title='bbox 1229 2294 1382 2369; x_wconf 64' lang='lat' dir='ltr'><strong>possunt!</strong></span> 
     </span>
     <span class='ocr_line' id='line_1_22' title="bbox 346 2379 1356 2457; baseline -0.004 -18"><span class='ocrx_word' id='word_1_170' title='bbox 346 2399 400 2457; x_wconf 79' lang='lat' dir='ltr'><strong>ego</strong></span> <span class='ocrx_word' id='word_1_171' title='bbox 428 2380 460 2438; x_wconf 91' lang='lat' dir='ltr'><strong>id</strong></span> <span class='ocrx_word' id='word_1_172' title='bbox 488 2383 533 2438; x_wconf 89' lang='lat' dir='ltr'><strong>est</strong></span> <span class='ocrx_word' id='word_1_173' title='bbox 560 2380 724 2454; x_wconf 87' lang='lat' dir='ltr'><strong>imperator</strong></span> <span class='ocrx_word' id='word_1_174' title='bbox 751 2380 809 2439; x_wconf 91' lang='lat' dir='ltr'><strong>loci</strong></span> <span class='ocrx_word' id='word_1_175' title='bbox 838 2383 868 2437; x_wconf 88' lang='lat' dir='ltr'><strong>et</strong></span> <span class='ocrx_word' id='word_1_176' title='bbox 891 2381 943 2454; x_wconf 93' lang='lat' dir='ltr'><strong>qui</strong></span> <span class='ocrx_word' id='word_1_177' title='bbox 966 2383 1023 2438; x_wconf 91' lang='lat' dir='ltr'><strong>sim</strong></span> <span class='ocrx_word' id='word_1_178' title='bbox 1045 2379 1082 2438; x_wconf 90' lang='lat' dir='ltr'><strong>de</strong></span> <span class='ocrx_word' id='word_1_179' title='bbox 1105 2380 1275 2456; x_wconf 88' lang='lat' dir='ltr'><strong>potioribus</strong></span> <span class='ocrx_word' id='word_1_180' title='bbox 1298 2382 1356 2439; x_wconf 88' lang='lat' dir='ltr'><strong>diis</strong></span> 
     </span>
     <span class='ocr_line' id='line_1_23' title="bbox 345 2468 1356 2544; baseline -0.001 -16"><span class='ocrx_word' id='word_1_181' title='bbox 345 2472 375 2528; x_wconf 92' lang='lat' dir='ltr'><strong>et</strong></span> <span class='ocrx_word' id='word_1_182' title='bbox 404 2488 471 2528; x_wconf 90' lang='lat' dir='ltr'><strong>cum</strong></span> <span class='ocrx_word' id='word_1_183' title='bbox 500 2468 531 2526; x_wconf 87' lang='lat' dir='ltr'><strong>in</strong></span> <span class='ocrx_word' id='word_1_184' title='bbox 560 2487 609 2527; x_wconf 90' lang='lat' dir='ltr'><strong>eos</strong></span> <span class='ocrx_word' id='word_1_185' title='bbox 634 2468 810 2527; x_wconf 85' lang='lat' dir='ltr'><strong>exerendam</strong></span> <span class='ocrx_word' id='word_1_186' title='bbox 833 2469 945 2527; x_wconf 90' lang='lat' dir='ltr'><strong>diceret</strong></span> <span class='ocrx_word' id='word_1_187' title='bbox 967 2488 1096 2544; x_wconf 91' lang='lat' dir='ltr'><strong>poenam</strong></span> <span class='ocrx_word' id='word_1_188' title='bbox 1118 2488 1173 2528; x_wconf 88' lang='lat' dir='ltr'><strong>nec</strong></span> <span class='ocrx_word' id='word_1_189' title='bbox 1194 2473 1298 2529; x_wconf 89' lang='lat' dir='ltr'><strong>tamen</strong></span> <span class='ocrx_word' id='word_1_190' title='bbox 1318 2470 1356 2527; x_wconf 87' lang='lat' dir='ltr'><strong>f-</strong></span> 
     </span>
     <span class='ocr_line' id='line_1_24' title="bbox 345 2557 1356 2633; baseline -0.001 -17"><span class='ocrx_word' id='word_1_191' title='bbox 345 2561 432 2633; x_wconf 90' lang='lat' dir='ltr'><strong>oeret,</strong></span> <span class='ocrx_word' id='word_1_192' title='bbox 451 2558 547 2616; x_wconf 87' lang='lat' dir='ltr'><strong>nihilo</strong></span> <span class='ocrx_word' id='word_1_193' title='bbox 566 2559 665 2616; x_wconf 88' lang='lat' dir='ltr'><strong>minus</strong></span> <span class='ocrx_word' id='word_1_194' title='bbox 688 2557 835 2632; x_wconf 88' lang='lat' dir='ltr'><strong>praedicit</strong></span> <span class='ocrx_word' id='word_1_195' title='bbox 857 2559 1003 2616; x_wconf 90' lang='lat' dir='ltr'><strong>ultionem</strong></span> <span class='ocrx_word' id='word_1_196' title='bbox 1025 2559 1099 2632; x_wconf 85' lang='lat' dir='ltr'><strong>fore,</strong></span> <span class='ocrx_word' id='word_1_197' title='bbox 1117 2576 1154 2615; x_wconf 90' lang='lat' dir='ltr'><strong>ne</strong></span> <span class='ocrx_word' id='word_1_198' title='bbox 1178 2577 1297 2619; x_wconf 90' lang='lat' dir='ltr'><strong>securos</strong></span> <span class='ocrx_word' id='word_1_199' title='bbox 1318 2558 1356 2615; x_wconf 85' lang='lat' dir='ltr'><strong>di·</strong></span> 
     </span>
     <span class='ocr_line' id='line_1_25' title="bbox 345 2646 1356 2723; baseline 0.001 -19"><span class='ocrx_word' id='word_1_200' title='bbox 345 2649 478 2706; x_wconf 89' lang='lat' dir='ltr'><strong>mitteret</strong></span> <span class='ocrx_word' id='word_1_201' title='bbox 501 2647 549 2705; x_wconf 82' lang='lat' dir='ltr'><strong>vel</strong></span> <span class='ocrx_word' id='word_1_202' title='bbox 572 2665 663 2705; x_wconf 84' lang='lat' dir='ltr'><strong>nese</strong></span> <span class='ocrx_word' id='word_1_203' title='bbox 686 2646 853 2704; x_wconf 86' lang='lat' dir='ltr'><strong>invalidum</strong></span> <span class='ocrx_word' id='word_1_204' title='bbox 876 2646 1102 2722; x_wconf 88' lang='lat' dir='ltr'><strong>demonstraret,</strong></span> <span class='ocrx_word' id='word_1_205' title='bbox 1121 2648 1264 2723; x_wconf 85' lang='lat' dir='ltr'><strong>sineque</strong></span> <span class='ocrx_word' id='word_1_206' title='bbox 1282 2649 1356 2707; x_wconf 86' lang='lat' dir='ltr'><strong>ultus</strong></span> 
     </span>
     <span class='ocr_line' id='line_1_26' title="bbox 345 2736 1381 2811; baseline -0.004 -18"><span class='ocrx_word' id='word_1_207' title='bbox 345 2738 422 2794; x_wconf 87' lang='lat' dir='ltr'><strong>esset</strong></span> <span class='ocrx_word' id='word_1_208' title='bbox 450 2736 482 2792; x_wconf 92' lang='lat' dir='ltr'><strong>in</strong></span> <span class='ocrx_word' id='word_1_209' title='bbox 509 2737 679 2809; x_wconf 89' lang='lat' dir='ltr'><strong>praesentia</strong></span> <span class='ocrx_word' id='word_1_210' title='bbox 707 2738 736 2793; x_wconf 89' lang='lat' dir='ltr'><strong>et</strong></span> <span class='ocrx_word' id='word_1_211' title='bbox 763 2737 882 2794; x_wconf 88' lang='lat' dir='ltr'><strong>suturae</strong></span> <span class='ocrx_word' id='word_1_212' title='bbox 909 2736 1033 2795; x_wconf 88' lang='lat' dir='ltr'><strong>ultionis</strong></span> <span class='ocrx_word' id='word_1_213' title='bbox 1065 2756 1125 2795; x_wconf 92' lang='lat' dir='ltr'><strong>non</strong></span> <span class='ocrx_word' id='word_1_214' title='bbox 1156 2738 1381 2811; x_wconf 72' lang='lat' dir='ltr'><strong>praemittente</strong></span> 
     </span>
     <span class='ocr_line' id='line_1_27' title="bbox 345 2823 1356 2900; baseline 0.002 -19"><span class='ocrx_word' id='word_1_215' title='bbox 345 2828 471 2898; x_wconf 90' lang='lat' dir='ltr'><strong>metum,</strong></span> <span class='ocrx_word' id='word_1_216' title='bbox 501 2823 611 2882; x_wconf 89' lang='lat' dir='ltr'><strong>addens</strong></span> <span class='ocrx_word' id='word_1_217' title='bbox 635 2842 740 2882; x_wconf 88' lang='lat' dir='ltr'><strong>causas</strong></span> <span class='ocrx_word' id='word_1_218' title='bbox 763 2824 875 2882; x_wconf 87' lang='lat' dir='ltr'><strong>dilatae</strong></span> <span class='ocrx_word' id='word_1_219' title='bbox 897 2844 1024 2899; x_wconf 89' lang='lat' dir='ltr'><strong>poenae,</strong></span> <span class='ocrx_word' id='word_1_220' title='bbox 1053 2824 1133 2900; x_wconf 91' lang='lat' dir='ltr'><strong>quod</strong></span> <span class='ocrx_word' id='word_1_221' title='bbox 1156 2828 1235 2884; x_wconf 86' lang='lat' dir='ltr'><strong>esset</strong></span> <span class='ocrx_word' id='word_1_222' title='bbox 1258 2827 1356 2885; x_wconf 86' lang='lat' dir='ltr'><strong>melius</strong></span> 
     </span>
     <span class='ocr_line' id='line_1_28' title="bbox 344 2912 1356 2989; baseline -0.002 -18"><span class='ocrx_word' id='word_1_223' title='bbox 344 2914 442 2989; x_wconf 87' lang='lat' dir='ltr'><strong>primo</strong></span> <span class='ocrx_word' id='word_1_224' title='bbox 467 2912 590 2970; x_wconf 88' lang='lat' dir='ltr'><strong>turbata</strong></span> <span class='ocrx_word' id='word_1_225' title='bbox 614 2932 787 2988; x_wconf 89' lang='lat' dir='ltr'><strong>conponere,</strong></span> <span class='ocrx_word' id='word_1_226' title='bbox 811 2912 917 2971; x_wconf 88' lang='lat' dir='ltr'><strong>dehinc</strong></span> <span class='ocrx_word' id='word_1_227' title='bbox 940 2913 1036 2972; x_wconf 89' lang='lat' dir='ltr'><strong>redire</strong></span> <span class='ocrx_word' id='word_1_228' title='bbox 1056 2912 1095 2972; x_wconf 89' lang='lat' dir='ltr'><strong>ad</strong></span> <span class='ocrx_word' id='word_1_229' title='bbox 1113 2913 1288 2973; x_wconf 84' lang='lat' dir='ltr'><strong>vindictam.</strong></span> <span class='ocrx_word' id='word_1_230' title='bbox 1320 2914 1356 2972; x_wconf 88' lang='lat' dir='ltr'><strong>ait</strong></span> 
     </span>
     <span class='ocr_line' id='line_1_29' title="bbox 345 3001 1355 3078; baseline 0.002 -19"><span class='ocrx_word' id='word_1_231' title='bbox 345 3021 416 3078; x_wconf 84' lang='lat' dir='ltr'><strong>ergo</strong></span> <span class='ocrx_word' id='word_1_232' title='bbox 445 3001 496 3060; x_wconf 82' lang='lat' dir='ltr'><strong>scd</strong></span> <span class='ocrx_word' id='word_1_233' title='bbox 522 3006 612 3059; x_wconf 76' lang='lat' dir='ltr'><strong>motos</strong></span> <span class='ocrx_word' id='word_1_234' title='bbox 632 3006 768 3075; x_wconf 77' lang='lat' dir='ltr'><strong>praestat</strong></span> <span class='ocrx_word' id='word_1_235' title='bbox 789 3019 949 3075; x_wconf 74' lang='lat' dir='ltr'><strong>conponere</strong></span> <span class='ocrx_word' id='word_1_236' title='bbox 971 3005 1091 3073; x_wconf 72' lang='lat' dir='ltr'><strong>fluctus:</strong></span> <span class='ocrx_word' id='word_1_237' title='bbox 1117 3008 1189 3075; x_wconf 77' lang='lat' dir='ltr'><strong>posi</strong></span> <span class='ocrx_word' id='word_1_238' title='bbox 1210 3006 1284 3063; x_wconf 75' lang='lat' dir='ltr'><strong>milri</strong></span> <span class='ocrx_word' id='word_1_239' title='bbox 1305 3019 1355 3061; x_wconf 79' lang='lat' dir='ltr'><strong>non</strong></span> 
     </span>
     <span class='ocr_line' id='line_1_30' title="bbox 344 3090 1355 3169; baseline 0 -20"><span class='ocrx_word' id='word_1_240' title='bbox 344 3092 435 3149; x_wconf 80' lang='lat' dir='ltr'><strong>simili</strong></span> <span class='ocrx_word' id='word_1_241' title='bbox 453 3107 552 3164; x_wconf 78' lang='lat' dir='ltr'><strong>poeria</strong></span> <span class='ocrx_word' id='word_1_242' title='bbox 574 3094 727 3149; x_wconf 75' lang='lat' dir='ltr'><strong>ccrwmissa</strong></span> <span class='ocrx_word' id='word_1_243' title='bbox 750 3092 850 3149; x_wconf 79' lang='lat' dir='ltr'><strong>laetis:</strong></span> <span class='ocrx_word' id='word_1_244' title='bbox 881 3090 906 3148; x_wconf 92' lang='lat' dir='ltr'><strong>si</strong></span> <span class='ocrx_word' id='word_1_245' title='bbox 931 3090 1046 3166; x_wconf 90' lang='lat' dir='ltr'><strong>aliquid</strong></span> <span class='ocrx_word' id='word_1_246' title='bbox 1068 3091 1205 3167; x_wconf 89' lang='lat' dir='ltr'><strong>sequenti</strong></span> <span class='ocrx_word' id='word_1_247' title='bbox 1228 3097 1355 3169; x_wconf 85' lang='lat' dir='ltr'><strong>tempore</strong></span> 
     </span>
    </p>
   </div>
   <div class='ocr_carea' id='block_1_3' title="bbox 344 3312 1403 3742">
    <p class='ocr_par' dir='ltr' id='par_1_3' title="bbox 344 3312 1403 3742">
     <span class='ocr_line' id='line_1_31' title="bbox 416 3312 1403 3386; baseline 0.001 -20"><span class='ocrx_word' id='word_1_248' title='bbox 416 3316 558 3383; x_wconf 71' lang='lat' dir='ltr'><strong>ipericria</strong></span> <span class='ocrx_word' id='word_1_249' title='bbox 571 3312 623 3364; x_wconf 87' lang='lat' dir='ltr'><strong>LR</strong></span> <span class='ocrx_word' id='word_1_250' title='bbox 641 3320 666 3367; x_wconf 82' lang='lat' dir='ltr'><strong>et</strong></span> <span class='ocrx_word' id='word_1_251' title='bbox 683 3332 708 3383; x_wconf 75' lang='lat' dir='ltr'><strong>y.</strong></span> <span class='ocrx_word' id='word_1_252' title='bbox 724 3314 767 3367; x_wconf 87' lang='lat' dir='ltr'><strong>ed.</strong></span> <span class='ocrx_word' id='word_1_253' title='bbox 825 3312 1088 3381; x_wconf 77' lang='lat' dir='ltr'><strong>bpoiluiiuturblt</strong></span> <span class='ocrx_word' id='word_1_254' title='bbox 1102 3321 1236 3382; x_wconf 66' lang='lat' dir='ltr'><strong>placuere</strong></span> <span class='ocrx_word' id='word_1_255' title='bbox 1255 3315 1334 3369; x_wconf 73' lang='lat' dir='ltr'><strong>red.v</strong></span> <span class='ocrx_word' id='word_1_256' title='bbox 1402 3377 1403 3386; x_wconf 10' lang='grc' dir='ltr'>ἵ</span> 
     </span>
     <span class='ocr_line' id='line_1_32' title="bbox 345 3384 1403 3452; baseline 0 -13"><span class='ocrx_word' id='word_1_257' title='bbox 345 3386 456 3450; x_wconf 79' lang='lat' dir='ltr'><strong>tfacta</strong></span> <span class='ocrx_word' id='word_1_258' title='bbox 475 3387 504 3438; x_wconf 88' lang='lat' dir='ltr'><strong>ct</strong></span> <span class='ocrx_word' id='word_1_259' title='bbox 523 3402 573 3452; x_wconf 78' lang='lat' dir='ltr'><strong>que</strong></span> <span class='ocrx_word' id='word_1_260' title='bbox 591 3385 698 3438; x_wconf 86' lang='lat' dir='ltr'><strong>omed.</strong></span> <span class='ocrx_word' id='word_1_261' title='bbox 757 3385 898 3438; x_wconf 72' lang='lat' dir='ltr'><strong>labccisa</strong></span> <span class='ocrx_word' id='word_1_262' title='bbox 912 3384 963 3436; x_wconf 88' lang='lat' dir='ltr'><strong>LR</strong></span> <span class='ocrx_word' id='word_1_263' title='bbox 982 3386 1096 3439; x_wconf 80' lang='lat' dir='ltr'><strong>obscura</strong></span> <span class='ocrx_word' id='word_1_264' title='bbox 1115 3385 1157 3438; x_wconf 88' lang='lat' dir='ltr'><strong>cd.</strong></span> <span class='ocrx_word' id='word_1_265' title='bbox 1215 3384 1360 3442; x_wconf 60' lang='lat' dir='ltr'><strong>tiranni</strong></span> <span class='ocrx_word' id='word_1_266' title='bbox 1402 3393 1403 3428; x_wconf 71' lang='lat'>1</span> 
     </span>
     <span class='ocr_line' id='line_1_33' title="bbox 345 3455 1359 3529; baseline 0.005 -20"><span class='ocrx_word' id='word_1_267' title='bbox 345 3462 369 3509; x_wconf 80' lang='lat' dir='ltr'><strong>et</strong></span> <span class='ocrx_word' id='word_1_268' title='bbox 387 3456 438 3508; x_wconf 90' lang='lat' dir='ltr'><strong>LR</strong></span> <span class='ocrx_word' id='word_1_269' title='bbox 457 3462 482 3509; x_wconf 82' lang='lat' dir='ltr'><strong>et</strong></span> <span class='ocrx_word' id='word_1_270' title='bbox 501 3472 554 3508; x_wconf 88' lang='lat' dir='ltr'><strong>om.</strong></span> <span class='ocrx_word' id='word_1_271' title='bbox 575 3455 618 3508; x_wconf 88' lang='lat' dir='ltr'><strong>ed.</strong></span> <span class='ocrx_word' id='word_1_272' title='bbox 675 3461 709 3508; x_wconf 88' lang='lat'><strong>10</strong></span> <span class='ocrx_word' id='word_1_273' title='bbox 727 3462 833 3510; x_wconf 78' lang='lat' dir='ltr'><strong>cciistct</strong></span> <span class='ocrx_word' id='word_1_274' title='bbox 851 3456 894 3509; x_wconf 85' lang='lat' dir='ltr'><strong>ed.</strong></span> <span class='ocrx_word' id='word_1_275' title='bbox 912 3458 916 3523; x_wconf 92' lang='grc' dir='ltr'>Ι</span> <span class='ocrx_word' id='word_1_276' title='bbox 932 3457 1056 3523; x_wconf 72' lang='lat' dir='ltr'><strong>vertitque</strong></span> <span class='ocrx_word' id='word_1_277' title='bbox 1075 3456 1118 3509; x_wconf 89' lang='lat' dir='ltr'><strong>cd.</strong></span> <span class='ocrx_word' id='word_1_278' title='bbox 1178 3463 1211 3510; x_wconf 81' lang='grc'><strong>16</strong></span> <span class='ocrx_word' id='word_1_279' title='bbox 1231 3460 1359 3529; x_wconf 60' lang='lat' dir='ltr'><strong>arquitur</strong></span> 
     </span>
     <span class='ocr_line' id='line_1_34' title="bbox 344 3526 1358 3597; baseline 0.005 -19"><span class='ocrx_word' id='word_1_280' title='bbox 344 3527 396 3579; x_wconf 84' lang='lat' dir='ltr'><strong>LR</strong></span> <span class='ocrx_word' id='word_1_281' title='bbox 414 3528 528 3597; x_wconf 72' lang='lat' dir='ltr'><strong>arpcbat</strong></span> <span class='ocrx_word' id='word_1_282' title='bbox 546 3528 589 3581; x_wconf 88' lang='lat' dir='ltr'><strong>ed.</strong></span> <span class='ocrx_word' id='word_1_283' title='bbox 654 3532 687 3580; x_wconf 77' lang='lat'><strong>21</strong></span> <span class='ocrx_word' id='word_1_284' title='bbox 707 3528 738 3580; x_wconf 81' lang='lat' dir='ltr'><strong>id</strong></span> <span class='ocrx_word' id='word_1_285' title='bbox 756 3533 794 3581; x_wconf 81' lang='lat' dir='ltr'><strong>esi</strong></span> <span class='ocrx_word' id='word_1_286' title='bbox 812 3526 864 3578; x_wconf 83' lang='lat' dir='ltr'><strong>Lll</strong></span> <span class='ocrx_word' id='word_1_287' title='bbox 883 3527 954 3580; x_wconf 82' lang='lat' dir='ltr'><strong>idem</strong></span> <span class='ocrx_word' id='word_1_288' title='bbox 973 3526 1113 3595; x_wconf 74' lang='lat' dir='ltr'><strong>edlsum</strong></span> <span class='ocrx_word' id='word_1_289' title='bbox 1132 3527 1175 3580; x_wconf 90' lang='lat' dir='ltr'><strong>ed.</strong></span> <span class='ocrx_word' id='word_1_290' title='bbox 1252 3536 1287 3583; x_wconf 79' lang='lat'><strong>22</strong></span> <span class='ocrx_word' id='word_1_291' title='bbox 1304 3545 1358 3583; x_wconf 52' lang='lat' dir='ltr'><strong>cac*</strong></span> 
     </span>
     <span class='ocr_line' id='line_1_35' title="bbox 344 3594 1358 3671; baseline -0.001 -19"><span class='ocrx_word' id='word_1_292' title='bbox 344 3599 457 3653; x_wconf 77' lang='lat' dir='ltr'><strong>rendam</strong></span> <span class='ocrx_word' id='word_1_293' title='bbox 476 3597 528 3650; x_wconf 85' lang='lat' dir='ltr'><strong>LR</strong></span> <span class='ocrx_word' id='word_1_294' title='bbox 547 3598 581 3652; x_wconf 83' lang='lat' dir='ltr'><strong>cf.</strong></span> <span class='ocrx_word' id='word_1_295' title='bbox 602 3602 635 3651; x_wconf 86' lang='grc'><strong>39</strong></span> <span class='ocrx_word' id='word_1_296' title='bbox 655 3614 708 3650; x_wconf 89' lang='lat' dir='ltr'><strong>om.</strong></span> <span class='ocrx_word' id='word_1_297' title='bbox 729 3598 771 3651; x_wconf 92' lang='lat' dir='ltr'><strong>ed.</strong></span> <span class='ocrx_word' id='word_1_298' title='bbox 796 3601 800 3665; x_wconf 80' lang='grc' dir='ltr'>Ι</span> <span class='ocrx_word' id='word_1_299' title='bbox 826 3594 997 3668; x_wconf 73' lang='lat' dir='ltr'><strong>eccoyitabut</strong></span> <span class='ocrx_word' id='word_1_300' title='bbox 1020 3600 1086 3666; x_wconf 88' lang='lat' dir='ltr'><strong>post</strong></span> <span class='ocrx_word' id='word_1_301' title='bbox 1108 3597 1208 3653; x_wconf 77' lang='lat' dir='ltr'><strong>diceret</strong></span> <span class='ocrx_word' id='word_1_302' title='bbox 1230 3598 1358 3671; x_wconf 87' lang='lat' dir='ltr'><strong>interpol.</strong></span> 
     </span>
     <span class='ocr_line' id='line_1_36' title="bbox 345 3668 1360 3742; baseline 0.002 -19"><span class='ocrx_word' id='word_1_303' title='bbox 345 3669 387 3724; x_wconf 89' lang='lat' dir='ltr'><strong>ed.</strong></span> <span class='ocrx_word' id='word_1_304' title='bbox 418 3672 423 3738; x_wconf 81' lang='grc' dir='ltr'>Ι</span> <span class='ocrx_word' id='word_1_305' title='bbox 456 3686 505 3723; x_wconf 82' lang='lat' dir='ltr'><strong>ricc</strong></span> <span class='ocrx_word' id='word_1_306' title='bbox 523 3676 614 3723; x_wconf 79' lang='lat' dir='ltr'><strong>tumen</strong></span> <span class='ocrx_word' id='word_1_307' title='bbox 632 3668 685 3721; x_wconf 83' lang='lat' dir='ltr'><strong>LR</strong></span> <span class='ocrx_word' id='word_1_308' title='bbox 703 3687 736 3723; x_wconf 80' lang='lat' dir='ltr'><strong>ac</strong></span> <span class='ocrx_word' id='word_1_309' title='bbox 755 3670 820 3723; x_wconf 77' lang='lat' dir='ltr'><strong>iride</strong></span> <span class='ocrx_word' id='word_1_310' title='bbox 839 3669 881 3722; x_wconf 88' lang='lat' dir='ltr'><strong>ed.</strong></span> <span class='ocrx_word' id='word_1_311' title='bbox 963 3674 996 3722; x_wconf 78' lang='lat'><strong>25</strong></span> <span class='ocrx_word' id='word_1_312' title='bbox 1015 3676 1047 3723; x_wconf 78' lang='lat' dir='ltr'><strong>iit</strong></span> <span class='ocrx_word' id='word_1_313' title='bbox 1064 3670 1177 3736; x_wconf 70' lang='lat' dir='ltr'><strong>futurae</strong></span> <span class='ocrx_word' id='word_1_314' title='bbox 1195 3670 1221 3723; x_wconf 86' lang='lat' dir='ltr'><strong>R</strong></span> <span class='ocrx_word' id='word_1_315' title='bbox 1239 3691 1260 3727; x_wconf 83' lang='lat' dir='ltr'><strong>a</strong></span> <span class='ocrx_word' id='word_1_316' title='bbox 1278 3685 1360 3742; x_wconf 79' lang='lat' dir='ltr'><strong>supra</strong></span> 
     </span>
    </p>
   </div>
   <div class='ocr_carea' id='block_1_4' title="bbox 343 3739 1361 3868">
    <p class='ocr_par' dir='ltr' id='par_1_4' title="bbox 343 3739 1361 3868">
     <span class='ocr_line' id='line_1_37' title="bbox 343 3739 1361 3868; baseline 0.003 -73"><span class='ocrx_word' id='word_1_317' title='bbox 343 3748 384 3868; x_wconf 45' lang='lat' dir='ltr'><strong>att</strong></span> <span class='ocrx_word' id='word_1_318' title='bbox 398 3741 487 3864; x_wconf 47' lang='lat' dir='ltr'><strong>adzcr.</strong></span> <span class='ocrx_word' id='word_1_319' title='bbox 507 3755 580 3793; x_wconf 88' lang='lat' dir='ltr'><strong>man.</strong></span> <span class='ocrx_word' id='word_1_320' title='bbox 600 3740 627 3793; x_wconf 90' lang='grc' dir='ltr'>Π</span> <span class='ocrx_word' id='word_1_321' title='bbox 644 3740 675 3793; x_wconf 87' lang='lat' dir='ltr'><strong>in</strong></span> <span class='ocrx_word' id='word_1_322' title='bbox 693 3739 714 3792; x_wconf 89' lang='lat' dir='ltr'>L</span> <span class='ocrx_word' id='word_1_323' title='bbox 738 3747 788 3795; x_wconf 77' lang='lat' dir='ltr'><strong>arii</strong></span> <span class='ocrx_word' id='word_1_324' title='bbox 806 3740 850 3794; x_wconf 89' lang='lat' dir='ltr'><strong>ed.</strong></span> <span class='ocrx_word' id='word_1_325' title='bbox 876 3745 901 3794; x_wconf 84' lang='lat' dir='ltr'><strong>et</strong></span> <span class='ocrx_word' id='word_1_326' title='bbox 919 3756 976 3793; x_wconf 90' lang='lat' dir='ltr'><strong>nos.</strong></span> <span class='ocrx_word' id='word_1_327' title='bbox 1065 3746 1098 3793; x_wconf 77' lang='lat'><strong>27</strong></span> <span class='ocrx_word' id='word_1_328' title='bbox 1118 3744 1231 3797; x_wconf 75' lang='lat' dir='ltr'><strong>imbuta</strong></span> <span class='ocrx_word' id='word_1_329' title='bbox 1250 3743 1303 3797; x_wconf 82' lang='lat' dir='ltr'><strong>LR</strong></span> <span class='ocrx_word' id='word_1_330' title='bbox 1320 3743 1361 3797; x_wconf 64' lang='lat' dir='ltr'><strong>di:</strong></span> 
     </span>
     <span class='ocr_line' id='line_1_38' title="bbox 384 3828 1360 3866; baseline -0.012 0"><span class='ocrx_word' id='word_1_331' title='bbox 384 3828 436 3866; x_wconf 86' lang='lat' dir='ltr'><strong>ae</strong></span> <span class='ocrx_word' id='word_1_332' title='bbox 459 3855 465 3865; x_wconf 89' lang='lat'>.</span> <span class='ocrx_word' id='word_1_333' title='bbox 1025 3840 1027 3843; x_wconf 93' lang='lat'>-</span> <span class='ocrx_word' id='word_1_334' title='bbox 1208 3840 1210 3844; x_wconf 86' lang='lat'><em>-</em></span> <span class='ocrx_word' id='word_1_335' title='bbox 1349 3833 1360 3861; x_wconf 18' lang='grc' dir='ltr'><strong>Α,</strong></span> 
     </span>
    </p>
   </div>
   <div class='ocr_carea' id='block_1_5' title="bbox 0 0 1630 4350">
    <p class='ocr_par' dir='ltr' id='par_1_5' title="bbox 0 0 1630 4350">
     <span class='ocr_line' id='line_1_39' title="bbox 0 0 1630 4350; baseline 0 0"><span class='ocrx_word' id='word_1_336' title='bbox 0 0 1630 4350; x_wconf 95' lang='lat' dir='ltr'><strong> </strong></span> 
     </span>
    </p>
   </div>
  </div>
 </body>
</html>
