3250 4350
345 402 389 466 4¹4
625 400 768 459 DONATI
784 400 953 456 maanes.
972 398 1082 455 VERG.

336 570 478 648 partitur
510 591 580 650 ergo
610 591 765 632 cervorum
792 568 1024 646 corpora-inter
1050 572 1163 647 omnis3
1201 591 1263 631 non
1291 574 1358 631 enim

347 680 526 735 quemquam
545 661 650 721 debuit
667 661 915 736 praetermittere.
953 661 1057 719 tantus
1077 660 1183 719 autem
1201 679 1289 719 amor
1305 662 1359 721 eius

295 754 345 805 195
354 750 386 807 in
405 751 501 809 socios
519 751 587 825 fuit,
605 754 640 809 ut
658 750 715 809 sibi
733 769 794 809 non
812 750 918 808 secent
935 751 1062 824 partem.
1093 750 1167 808 vera
1185 750 1282 811 meus
1295 768 1359 824 osor

344 840 449 899 deiecto
475 841 558 899 cadis
585 843 724 898 oneraret
749 835 868 897 Acestes
895 838 977 896 litore
1006 836 1165 897 Trinacrio
1193 839 1360 913 deducam

337 930 518 988 ,obeuntibus
531 930 615 988 herm
628 929 741 987 dividit
772 926 928 987 ordinatur
941 944 1044 986 sensus
1058 928 1115 985 sic:
1134 927 1244 987 deinde
1259 928 1359 989 dividit
1375 944 1383 987 s

345 1019 417 1076 vina
439 1038 516 1095 quae
539 1018 634 1078 bonus
653 1017 775 1076 Acestes
799 1018 976 1075 oneraverat
995 1015 1080 1076 cadis
1098 1016 1191 1075 litore
1211 1018 1359 1078 Trinacrio
1380 1036 1383 1043 ·

346 1112 436 1182 atque
459 1106 638 1168 abeuntibus
662 1106 790 1165 dederat.
837 1105 948 1163 bonum
970 1106 1085 1164 interea
1107 1104 1252 1167 debemus
1279 1108 1360 1167 intel·

345 1196 444 1275 legere
471 1196 583 1256 bonum
607 1196 715 1270 civem,
738 1195 850 1253 bonum
872 1195 1055 1272 largitorem.
1100 1194 1232 1271 denique
1256 1196 1361 1257 idcirco

346 1288 448 1361 posuit
484 1285 565 1345 cadis
603 1288 755 1358 onerarat,
788 1287 823 1342 ut
853 1283 1023 1344 ostenderat
1055 1303 1091 1342 ex
1123 1286 1193 1360 ipsa
1225 1286 1361 1345 cadorum

346 1376 556 1451 praetermissa
578 1375 694 1433 numeri
717 1374 871 1432 taxatione
895 1372 1095 1449 significatum
1118 1374 1286 1448 plurimum
1305 1376 1388 1435 vinis

346 1466 437 1521 luisse
465 1464 545 1539 qrrod
573 1464 676 1522 datum
705 1465 757 1521 est.
805 1461 885 1536 quod
909 1464 1009 1520 autem
1032 1460 1109 1520 dixit
1132 1467 1290 1538 onerarat,
1311 1465 1362 1523 hoc

347 1552 578 1627 intellegendum
597 1555 642 1611 ast
660 1554 763 1611 vinum
783 1549 1177 1625 accipientibusprofecisse
1197 1572 1258 1611 non
1273 1573 1363 1629 quan·

346 1648 409 1699 trum
442 1640 537 1699 bonus
569 1641 695 1719 largitor
727 1640 797 1697 dare
830 1639 940 1714 voluit,
977 1640 1029 1698 sed
1061 1642 1210 1715 quantum
1242 1641 1363 1702 'Iboiani

345 1728 422 1787 ferre
445 1732 615 1805 potuerunt,
640 1749 713 1805 quos
736 1731 797 1787 iam
821 1730 934 1804 specics
957 1730 1025 1804 ipsa
1052 1734 1239 1789 oneraverat
1288 1730 1361 1806 quod

345 1838 415 1877 vero
444 1820 544 1893 posuit
571 1820 659 1877 litore
687 1818 856 1891 Trinacrio,
884 1817 1057 1895 intellegere
1085 1836 1244 1893 possumus
1274 1820 1389 1881 mdia

345 1906 548 1966 substantiam
570 1909 742 1983 praebuisse
760 1907 929 1965 ubertatem
947 1907 1004 1966 soli
1023 1926 1100 1982 quae
1118 1907 1246 1969 iuvabat
1264 1908 1361 1969 dantis

345 1997 539 2055 voluntatem.
590 1997 772 2071 dederatque
802 1995 994 2070 abeuntibus,
1027 1999 1149 2071 excepto
1181 1996 1300 2057 scilicet
1331 2016 1361 2057 eo

346 2085 425 2159 quod
448 2087 481 2143 in
504 2085 584 2160 ipsos
607 2088 669 2143 iam
693 2087 791 2143 fuerat
813 2086 972 2159 inpensum
995 2104 1064 2144 cum
1083 2084 1195 2145 ibidem
1213 2077 1361 2164 degerent

346 2177 381 2234 iis
409 2175 533 2233 dederat
560 2175 675 2233 affatim
704 2194 777 2249 quos
805 2194 865 2232 non
893 2174 999 2233 fuisset
1022 2177 1132 2234 iterum
1155 2176 1276 2236 visums
1299 2197 1361 2254 per-

343 2264 473 2338 indeque
497 2283 557 2323 uon
580 2264 737 2323 habiturus
761 2265 946 2322 occasionem
970 2266 1097 2322 alteram
1119 2264 1294 2341 largiendi.-
1317 2267 1391 2324 hic-a

344 2355 441 2411 ceruici
464 2356 564 2428 potest
587 2353 709 2428 abipso
729 2353 835 2412 Aceste
854 2352 959 2410 datum
977 2371 1040 2412 esse
1060 2355 1152 2412 etiam
1170 2354 1360 2428 frumentum,

345 2443 487 2517 quoniam
520 2461 610 2517 supra
638 2442 714 2499 dixit
742 2445 824 2514 „tum
852 2439 988 2500 Cererem
1017 2445 1189 2517 corruptam
1217 2443 1307 2503 undis
1333 2449 1361 2502 et

344 2539 456 2589 torrere
475 2534 585 2607 parant
603 2531 730 2589 flammis
749 2534 780 2589 et
797 2524 934 2606 frangere
954 2528 1057 2605 saxo“3
1075 2551 1135 2591 non
1149 2533 1230 2590 enim
1244 2536 1360 2608 poterat

345 2623 408 2678 lieri
435 2625 471 2678 ut
498 2622 545 2679 vir
572 2623 636 2678 tam
664 2622 800 2694 copiosae
828 2619 1020 2679 liberalitatis
1049 2620 1279 2679 solum-viuum
1302 2623 1359 2682 suis

344 2708 522 2766 abeuntibus
542 2709 634 2766 daret
673 2710 805 2767 addictis
828 2710 990 2768 moerentia
1007 2712 1128 2781 pecore
1151 2711 1271 2769 mulcet:
1295 2713 1392 2786 quises

344 2799 423 2854 enim
446 2799 477 2854 in
501 2797 601 2855 taedio
626 2799 718 2856 animi
742 2800 772 2856 et
794 2799 827 2855 in
850 2797 1073 2857 calamitatibus
1096 2800 1213 2873 positus
1235 2799 1360 2859 libenter

335 2885 443 2944 >cibum
462 2884 613 2944 sumeret?
650 2887 700 2945 sed
724 2888 862 2961 quotiens
885 2889 944 2946 ista
968 2890 1048 2961 sunt,
1064 2886 1121 2945 illa
1139 2906 1268 2962 persona
1286 2889 1360 2948 solet

344 2976 523 3032 intervenire
556 2977 737 3035 consolantis
771 2995 846 3050 quae
880 2975 917 3034 ab
949 2977 1023 3050 ipsis
1055 2976 1144 3035 malis
1176 2977 1276 3036 aliena
1309 2980 1358 3037 est.

344 3063 394 3122 sed
417 3066 485 3122 istic
510 3066 540 3122 et
562 3065 643 3123 locus
663 3066 693 3123 et
712 3067 830 3139 tempus
849 3067 879 3122 et
897 3084 1024 3139 persona
1043 3064 1260 3125 consideranda
1278 3069 1359 3140 sunt3

342 3172 412 3211 nam
435 3153 519 3212 locus
543 3154 713 3212 solitudinis
736 3153 804 3226 fuit,
827 3156 970 3228 temporis
992 3155 1071 3213 ratio
1094 3153 1231 3230 urgebat,
1254 3159 1290 3213 ut
1312 3155 1394 3214 ‹le-u

339 3268 381 3294 i...
384 3284 557 3292 --------

335 3381 338 3387 ·
416 3361 571 3428 lpartilree
589 3358 632 3412 ed.
698 3359 835 3412 adiverit
853 3375 906 3412 om.
926 3358 1061 3412 Lle'add.
1082 3359 1125 3413 ed.
1201 3362 1358 3431 103191ίῇ-

341 3434 402 3485 curt
415 3430 458 3484 ed.
507 3436 538 3483 11
554 3431 643 3484 boc—
653 3436 686 3483 12
697 3431 846 3498 profecisse
859 3430 911 3482 LR
924 3432 1211 3499 breue-prosperiore
1225 3432 1358 3501 suspicor,

335 3519 406 3556 oum
423 3501 494 3555 Dou.
516 3500 609 3554 dicere
632 3502 762 3555 videatur
785 3502 907 3555 Acesten
931 3501 995 3569 plus
1019 3500 1188 3571 largiturum
1211 3502 1312 3570 fuisse,
1336 3502 1359 3557 si

332 3573 414 3628 sfar're
433 3573 548 3626 Troiani
567 3572 739 3640 potuissent3
758 3579 797 3626 eet
816 3589 869 3626 om.
890 3573 932 3626 ed.
1009 3577 1042 3626 14
1060 3574 1244 3628 honoraverat
1262 3575 1306 3630 ad.

342 3649 376 3698 16
395 3661 466 3714 quoe
483 3644 535 3698 La
554 3644 627 3711 quod
645 3643 688 3696 ed.
746 3648 779 3696 18
798 3645 919 3698 mearat
937 3644 958 3696 L
978 3645 1112 3714 (deperent
1124 3658 1212 3697 manu
1226 3645 1359 3713 secunda)

341 3713 463 3770 mecam
479 3716 505 3768 R
523 3716 648 3784 depe-eur
665 3732 680 3767 r
698 3714 741 3768 ed.
802 3721 835 3769 21
855 3717 938 3770 etiam
956 3732 1009 3769 om.
1029 3714 1085 3769 ed.·
1132 3719 1290 3771 27'eumere
1308 3715 1359 3770 ER

332 3801 398 3840 corr.
421 3787 463 3841 ed,
489 3789 501 3858 l
528 3788 580 3843 r‘llu
599 3786 653 3842 11Ιί-
672 3795 740 3847 euut
759 3789 812 3845 illa
832 3787 900 3843 add.
919 3786 964 3841 ed.
1120 3813 1123 3817 ·
