3250 4350
297 395 372 460 .184
584 393 725 450 nourrr
742 393 912 449 rnrnrrrrr
931 393 1039 449 vanc.

244 604 247 609 -
304 565 406 622 meon
427 569 528 622 somno
550 566 674 637 conque
694 564 847 637 sepultam.
894 564 1055 622 caeduntur
1072 564 1194 637 ee‘qe’lcs:
1223 566 1316 640 inspe-

301 655 404 710 ratum
432 653 546 711 malurn
576 653 684 730 vigiles
714 654 811 729 primo
840 652 1030 728 pertulerrmt
1061 654 1092 710 et
1123 656 1195 711 ante
1225 654 1316 712 omnis

295 743 396 801 :occisi
418 744 496 816 sunt,
514 761 552 800 ne
573 743 750 801 nuntiarent
772 741 834 800 suis
858 760 934 816 quae
957 745 1139 818 gererentur.
1169 745 1318 815 porcisque

296 831 470 905 -poteatc'bus
505 833 600 889 omnis
637 833 784 904 occipiunt
814 832 906 889 socios
937 835 1023 904 atquc
1037 846 1039 849 ·
1053 833 1175 904 ‹19th
1207 833 1317 890 conseia

304 921 444 993 inuuunt:
475 923 577 995 portes
605 921 737 995 patentis
765 919 842 978 dixit
868 922 898 977 et
924 919 1010 977 illam
1037 937 1114 995 quae
1141 938 1211 979 vere
1233 923 1346 996 portae

305 1008 405 1068 fuerat
431 1011 462 1068 et
488 1009 575 1068 illam
602 1027 679 1084 quae
706 1011 829 1085 propter
855 1009 926 1082 equi
947 1009 1109 1067 transitum
1131 1010 1232 1067 fuerat
1253 1028 1317 1085 pro·

305 1100 418 1157 curata.
470 1097 626 1157 ordinatur
657 1099 758 1156 autern
790 1115 892 1156 sensus
924 1099 981 1156 sic:
1018 1097 1183 1156 ceeduntrrr
1214 1099 1318 1176 vigiles

305 1187 460 1263 portisque
482 1187 655 1262 patentibus
679 1188 775 1246 omnis
798 1187 950 1261 accipiunt
971 1186 1066 1245 socios
1090 1189 1181 1261 atque
1201 1187 1319 1265 agmina

295 1277 424 1335 conscia
445 1277 576 1353 iungunt
598 1280 629 1335 et
651 1275 798 1334 invadunt
820 1275 924 1334 urbem
946 1292 1049 1334 somno
1072 1276 1202 1351 vinoque
1223 1276 1318 1351 sepul·

298 1366 377 1439 tam,
404 1384 441 1424 ne
468 1366 509 1424 sit
535 1367 644 1424 vitium
671 1367 777 1441 poetae
801 1363 882 1439 quod
904 1363 1035 1438 primurn
1056 1365 1195 1422 invasam
1217 1364 1347 1423 urbemn

303 1455 407 1529 posuit
430 1471 465 1512 ac
487 1458 591 1528 postea
614 1453 771 1529 descripsit
793 1454 888 1513 socios
911 1455 1006 1512 omnis
1029 1456 1163 1528 receptos
1187 1472 1251 1513 esse
1269 1473 1319 1530 per

295 1545 415 1617 portas.
450 1562 510 1602 non
534 1545 614 1601 enim
636 1542 694 1601 soli
716 1544 769 1618 qui
786 1543 819 1600 in
839 1561 915 1617 equo
933 1543 1053 1600 fuerant
1070 1541 1186 1601 conditi
1204 1562 1318 1601 omnem

297 1633 445 1706 poterant
471 1631 612 1691 invadere
640 1632 807 1705 civitatem,
840 1631 892 1690 sed
921 1631 1084 1706 prudenter
1111 1631 1221 1709 agendi
1249 1632 1318 1692 ordo

303 1723 440 1779 servatus
463 1724 585 1779 estnec
608 1720 724 1795 aliquid
745 1723 856 1780 temere
878 1721 999 1778 facturn.
1033 1738 1104 1778 nam
1122 1719 1220 1795 primo
1238 1724 1317 1797 pate·

304 1808 402 1868 factus
426 1812 471 1869 est
494 1828 597 1884 equus,
619 1809 725 1867 dehinc
747 1809 855 1885 vigiles
879 1808 978 1882 occisi,
996 1829 1033 1868 ne
1052 1809 1108 1868 hoc
1126 1810 1228 1884 ipsum
1247 1826 1345 1868 nun-rr

304 1898 416 1956 tierent
437 1897 598 1973 universis,
626 1900 757 1972 suscepti
779 1917 897 1973 quoque
925 1916 1028 1957 ornnes
1055 1898 1141 1972 socii,
1169 1902 1243 1958 tunc
1268 1917 1318 1974 per

304 1989 401 2045 totam
432 1987 536 2045 urbem
568 1989 666 2062 sparsi
693 1991 763 2045 sunt
791 1990 822 2045 et
850 1986 888 2044 ad
915 1989 1009 2045 vicem
1038 1990 1225 2045 mortuorum
1255 1986 1316 2046 dor·

297 2075 424 2134 mientis
449 2077 570 2135 caedere
590 2079 760 2151 coeperunt,
780 2078 984 2151 quippequos
1002 2075 1115 2152 duplex
1133 2081 1317 2151 oppresserat

303 2165 428 2238 malurn,
451 2166 553 2224 vinum
576 2166 738 2241 plurimum
761 2167 791 2223 et
815 2185 850 2221 cx
873 2164 1052 2241 fatigatione
1077 2166 1168 2224 altior
1191 2184 1315 2225 somnus.

305 2273 369 2312 eece
402 2255 468 2313 laus
499 2256 645 2313 bonorum
677 2256 802 2325 civium3
839 2255 971 2329 periculo
1010 2256 1120 2329 quippe
1157 2271 1346 2329 paucommro

304 2347 463 2418 procurate
486 2344 613 2402 victoria
637 2347 682 2401 est
706 2361 789 2424 quae*
805 2345 891 2401 annis
916 2343 1016 2402 decem
1039 2348 1069 2402 et
1091 2344 1175 2401 mille
1194 2345 1316 2403 navibus

304 2435 335 2490 et
357 2432 473 2490 infinito
498 2435 681 2492 armatorum
704 2451 828 2501 numero
853 2434 957 2507 quaeri
979 2452 1039 2491 non
1061 2435 1170 2507 potuit.

335 2512 339 2536 ¹
372 2522 499 2594 Tempus
522 2526 592 2588 erat,
615 2539 670 2593 quo
688 2524 791 2594 primo
815 2524 895 2593 quim
913 2521 1085 2579 mortalibus
1103 2525 1201 2596 scyris
1219 2525 1318 2594 incipit

304 2615 330 2669 ct
356 2611 430 2669 dono
458 2612 559 2668 dicum
584 2606 757 2683 cratissima
783 2613 887 2682 serpit:
923 2630 960 2667 ne
989 2612 1099 2668 crimen
1123 2615 1202 2669 esset
1225 2614 1317 2687 ipsius

303 2698 421 2757 Aeneae
451 2699 531 2774 quod
557 2701 623 2774 ipso
651 2700 815 2757 dormiente
845 2699 951 2758 civitas
981 2700 1145 2772 interisset,
1178 2703 1260 2759 iuste
1291 2703 1347 2758 etn

303 2788 461 2862 multiplex
493 2788 699 2863 praetenditur
732 2788 891 2847 excusatio.
945 2807 1059 2862 omnes,
1086 2789 1188 2863 inquit
1217 2781 1317 2870 (252),

305 2877 406 2949 quieto
431 2877 550 2935 silentio
574 2877 753 2935 tenebantur
776 2870 977 2956 (dormiebant
1005 2878 1078 2935 bene
1106 2878 1269 2953 diceretur,
1294 2880 1317 2937 si

305 2982 407 3022 somno
431 2968 550 3023 tentum
573 2968 603 3023 et
626 2985 686 3024 non
709 2968 801 3025 etiam
824 2967 894 3024 vino
916 2967 1088 3024 viderentur
1111 2960 1269 3048 oppressi),
1289 2987 1316 3027 se

304 3056 406 3111 tamen
428 3055 544 3112 Aeneas
573 3054 683 3112 adserit
711 3075 746 3113 ea
773 3056 848 3113 hora
876 3058 1010 3130 quietum
1036 3056 1128 3114 fuisse
1151 3076 1211 3131 qua
1236 3076 1317 3116 omne

305 3144 490 3200 animantum
515 3163 607 3221 genus
631 3143 726 3202 reficit
748 3162 878 3218 somnne,
901 3146 984 3203 cuius
1002 3144 1091 3203 initia
1109 3148 1231 3203 tantum
1249 3165 1316 3222 pon·
1328 3162 1349 3201 rc

302 3231 382 3290 deris
410 3232 521 3290 habent
548 3236 694 3307 tantaque
724 3234 755 3290 vi
782 3236 896 3291 mentes
920 3235 1107 3308 opprimunt,
1130 3237 1166 3293 ut
1189 3236 1317 3294 omnium

305 3321 520 3397 cogitationum
545 3339 616 3379 cura
639 3324 787 3381 summota
810 3322 901 3379 altius
925 3323 1088 3398 sopiantur.
1131 3342 1259 3400 cumque
1281 3326 1318 3383 sit

304 3412 400 3467 somni
432 3411 566 3469 divinum
598 3429 704 3468 munus
739 3414 768 3468 et
796 3410 834 3468 ad
861 3413 1053 3469 refectionem
1080 3412 1236 3471 hominum
1264 3413 1317 3471 diis

376 3567 408 3613 10
428 3579 461 3614 nc
480 3562 532 3613 LR
550 3568 582 3613 ot
600 3562 642 3614 ed.
669 3564 673 3631 Ι
701 3563 827 3616 invasam
846 3562 898 3613 th
915 3564 1016 3628 fraude
1034 3571 1222 3635 expcqrmtam
1241 3566 1282 3619 ed.

304 3637 336 3684 27
357 3634 527 3686 dormiebant
540 3632 592 3684 LR
610 3639 635 3686 et
648 3633 675 3685 d.
690 3633 733 3686 ed.
790 3640 823 3686 28
842 3634 889 3687 scd
903 3634 955 3686 th
970 3635 1012 3689 ed.
1031 3652 1059 3689 sc
1077 3651 1136 3688 nos.
1193 3641 1227 3689 29
1246 3637 1315 3705 quie-

302 3709 359 3828 2233
375 3703 426 3827 ddR
444 3721 471 3757 sc
490 3705 610 3770 quietum
629 3703 672 3757 ed.
690 3704 744 3772 (vel
762 3706 861 3771 quictis
876 3711 932 3758 turn
952 3705 971 3757 τ’
988 3706 1018 3758 in
1032 3711 1140 3776 marg.).
1199 3712 1232 3761 38
1250 3724 1315 3761 scm-
