3250 4350
577 441 619 487 .“
679 435 862 491 AENEIDOS
880 438 899 490 1·
1253 437 1294 501 19

274 608 405 681 paratio,
418 607 462 679 ut,
476 607 503 664 si
520 606 620 681 plures
638 608 698 665 non
717 607 819 682 potuit
836 607 1012 682 opprimere,
1031 606 1079 664 vel
1097 607 1184 665 iuxta
1201 625 1295 664 unum

275 695 426 753 obtineret
439 693 570 754 Aenean.
603 694 716 754 sciebat
734 696 815 754 enim
831 695 920 772 stirpi
934 697 997 755 eius
1011 693 1112 754 deberi
1125 694 1295 754 Romanum

273 784 436 860 imperium
465 785 503 842 et'
519 781 710 862 Carthaginis
738 786 928 843 eversionem.
975 785 1081 857 quippe
1102 787 1182 843 octor
1207 785 1296 857 fatis:

274 874 360 931 venit
381 871 428 932 ad·-
444 872 688 948 conparationem
711 891 797 932 suam
820 875 851 932 et
872 873 1032 932 Minervae.
1079 875 1106 932 si
1128 875 1207 932 enim
1228 873 1294 932 lata

249 960 471 1038 sinpediebant
498 979 536 1021 ne
563 960 711 1033 oblineret
737 962 827 1037 Iuno,
854 966 909 1033 nec'
935 961 1101 1036 Minervae,
1129 969 1207 1038 quae
1234 962 1295 1020 suit

275 1051 418 1124 inferior,⁴
430 1049 568 1126 permitti
590 1049 694 1109 debuit
716 1054 750 1110 ut
773 1050 853 1126 quod
875 1051 967 1110 vellet
989 1050 1127 1110 efficeret.
1162 1049 1296 1130 sicergo

276 1139 355 1199 dixit
379 1139 533 1208 Pallasne,
567 1159 643 1215 quae
675 1158 735 1199 non
768 1142 846 1199 esset
874 1141 955 1200 tanti
981 1140 1084 1198 meriti
1110 1157 1163 1198 nec
1190 1141 1293 1199 tantae

276 1231 444 1302 potestatis,
468 1246 588 1288 ccccm
611 1230 733 1288 dasscm
750 1226 897 1303 Arctoum
914 1233 1001 1302 acque
1017 1231 1098 1303 ipsos
1111 1229 1210 1302 potuit
1226 1229 1293 1287 sat·
1313 1236 1348 1284 40

275 1321 404 1392 mopere
426 1318 538 1391 ponto?
582 1318 657 1377 haec
684 1321 729 1378 est
752 1319 926 1395 conparatio
948 1336 1114 1394 poenarum
1137 1320 1168 1376 et
1194 1335 1293 1394 perso·

235 1425 396 1470 nonarum:
433 1406 569 1466 Minerva
597 1407 701 1482 potuit
726 1410 756 1466 et
782 1409 868 1467 navis
896 1405 1076 1466 Graecorum
1108 1409 1138 1464 et
1165 1404 1294 1466 Graecos

273 1497 357 1570 ipsos
380 1512 518 1570 exurere,
545 1514 601 1573 ego
623 1515 718 1555 unum
740 1514 794 1555 nec
818 1495 951 1554 occidere
971 1498 1060 1572 potui
1083 1515 1137 1554 nec
1159 1498 1295 1555 avertere

274 1583 312 1643 ab
336 1584 437 1644 Italia.
484 1592 605 1644 exurere
635 1584 703 1662 plus
732 1587 777 1645 est
800 1603 891 1660 quam
913 1603 1012 1660 urer03
1036 1602 1123 1643 urere
1147 1587 1192 1644 eet
1214 1586 1294 1644 enim

273 1672 394 1732 laedere
418 1672 534 1749 aliquid
555 1672 833 1749 flammis-exurere
856 1677 957 1733 autem
975 1675 1095 1751 penitus
1114 1672 1232 1734 abolere
1248 1675 1293 1731 in·

274 1761 390 1825 cendio.
429 1764 487 1822 hoc
504 1762 570 1822 loco
589 1766 620 1822 et
638 1765 720 1822 omni
733 1763 888 1823 occasione
903 1762 1059 1821 confirmat
1072 1763 1162 1839 poeta
1175 1761 1295 1822 Aeneae

236 1876 262 1915 rs
275 1853 366 1929 stirpi
379 1852 473 1910 fuisse
486 1851 638 1911 decretum
650 1852 809 1928 imperium
822 1851 941 1926 Italiae,
955 1870 1023 1910 cum
1042 1851 1078 1910 de
1097 1851 1161 1912 solo
1178 1850 1296 1910 inducit

275 1939 423 2002 Iunonem
439 1940 622 2016 'loquentem
647 1943 758 2017 quippe
780 1943 867 2001 vetor
890 1941 970 2000 fatis.
1016 1942 1100 1999 venit
1126 1959 1228 2000 narsus
1256 1939 1295 1998 ad

276 2031 523 2106 conparationem
537 2033 666 2090 suamet
680 2031 841 2107 Minervae,
855 2031 945 2089 simul
959 2031 1052 2089 etiam
1066 2030 1145 2089 ultro
1164 2027 1223 2088 sibi
1242 2029 1293 2088 ob-

274 2122 370 2179 iectat
393 2117 474 2194 quod
495 2118 609 2179 sciebat
632 2119 709 2180 obici
731 2137 831 2197 posset
859 2119 941 2196 qnod
958 2122 1010 2179 'est
1031 2119 1065 2178 in
1087 2137 1178 2179 causa
1201 2117 1293 2178 artifi-

276 2211 405 2283 ciosum,
436 2210 472 2267 ut
502 2226 651 2284 proponas
679 2210 763 2269 ultro
797 2212 886 2284 atque
913 2208 1060 2269 dissolvas
1088 2208 1168 2284 quod
1194 2209 1296 2283 potuit

237 2321 264 2362 se
275 2296 443 2371 formidari,
457 2316 494 2356 ne
512 2300 708 2373 praeteritum
726 2298 775 2358 vel
793 2301 872 2357 certe
886 2316 1078 2374 suppressum
1092 2297 1211 2356 dicatur
1224 2317 1294 2373 pur-

276 2388 410 2465 gationis
433 2385 639 2462 desperatione
660 2387 830 2447 transitum.
863 2384 1000 2447 Pallasne
1024 2405 1146 2446 exurere
1170 2387 1295 2445 classem

276 2477 425 2555 Argivum
439 2477 530 2551 atque
543 2478 625 2552 ipsos
638 2478 740 2552 potnit
753 2476 941 2555 submergere
954 2473 1069 2553 ponto?
1098 2477 1131 2534 in
1144 2477 1210 2550 ipsa
1225 2492 1294 2534 con·

276 2565 435 2642 paratione
458 2566 618 2641 persistens
642 2566 739 2624 utitur
757 2568 934 2643 argumento
956 2584 975 2623 a
997 2564 1112 2624 minore
1131 2563 1170 2622 ad
1187 2563 1294 2625 maius.

276 2657 376 2713 minor
407 2653 488 2711 enim
520 2654 619 2713 fuerat
645 2654 780 2714 Minerva
813 2655 912 2713 aetate
940 2657 971 2713 et
996 2656 1160 2730 potestate,
1192 2654 1242 2711 cui
1268 2652 1296 2713 si

218 2744 341 2806 mista
374 2745 540 2818 consonant,
571 2746 607 2801 ut
632 2745 665 2801 in
692 2761 742 2802 eos
770 2761 845 2819 quoe
878 2742 982 2803 oderat
1013 2760 1124 2819 poenas
1153 2745 1295 2816 exereret,

218 2827 222 2898 s·
276 2832 373 2891 multo
400 2833 506 2909 magis=
522 2835 621 2891 aetate
644 2832 834 2907 praecedenti
856 2831 979 2906 Iunoni,
1002 2833 1097 2891 sorori
1120 2834 1150 2890 et
1173 2830 1296 2910 coniugi

218 2917 223 2984 i
277 2920 368 2994 Iovis,
389 2922 512 2999 reginae
536 2940 653 2996 quoque
677 2920 799 2980 deorum
822 2923 963 2995 omnium,
982 2919 1146 2979 debuerant
1168 2919 1294 2979 nocendi

218 3027 223 3096 j
277 3011 373 3069 sinere
401 3009 586 3070 facultatem.
627 3008 663 3068 fit
685 3011 861 3087 conparatio
885 3009 946 3070 alia
968 3027 1029 3084 qua
1052 3009 1129 3067 dixit
1150 3011 1241 3067 cums
1259 3009 1294 3067 ob

218 3109 225 3152 ζ’
277 3106 385 3159 nocam
409 3102 437 3157 et
457 3098 557 3172 farios
579 3096 683 3158 Aiacis
707 3098 767 3159 Oilc‘
793 3100 862 3176 ipsa
887 3099 970 3157 Iocis
997 3099 1137 3171 rapidam
1151 3098 1294 3157 vc'ccalctc

218 3179 293 3250 tue
312 3187 442 3247 malibus
464 3188 560 3261 vam
582 3188 749 3261 damnique
770 3192 850 3248 rates
872 3190 1024 3260 comitque
1042 3204 1171 3259 aequora
1188 3189 1293 3254 ccctis,

218 3273 227 3376 't
279 3276 363 3337 &sm
389 3278 569 3351 ecpiraaton
595 3278 739 3350 transfixo
759 3280 876 3351 pectore
901 3279 1039 3349 tlomocns
1066 3277 1181 3335 turbiue
1203 3277 1292 3335 corm-
1312 3283 1348 3331 45

276 3368 341 3437 pcc
368 3366 543 3439 scopuloque
569 3367 668 3437 inficit
695 3370 793 3425 acuto:
828 3366 884 3425 illa
911 3370 1033 3441 propter
1059 3384 1151 3423 unum
1182 3365 1294 3423 multos

218 3609 220 3616 Ι
285 3557 288 3564 ·
346 3542 465 3592 laeam
482 3534 535 3588 LR
552 3537 599 3591 sci
617 3534 683 3589 edF.
761 3538 831 3588 8-9
850 3537 997 3607 inoicrperc
1015 3535 1068 3588 LR
1087 3537 1118 3588 at
1136 3533 1212 3587 infra
1228 3535 1292 3589 act-

218 3665 222 3674 ·
282 3624 411 3735 iim
428 3606 912 3745 onioiffrwidddadile
931 3612 1012 3735 aa.14
1031 3605 1304 3735 “sideman

218 3747 232 3874 ’ἰ
284 3756 410 3873 θέωσι
428 3749 471 3805 ed.
492 3748 526 3803 cf.
541 3753 627 3830 4⁰⁷¹.
657 3752 704 3831 '27
719 3748 852 3806 debcant
867 3750 911 3809 ed.
985 3758 1019 3810 28
1041 3771 1130 3827 worn
1145 3751 1207 3809 Lu
1225 3766 1318 3825 qaum

312 3838 392 3887 ,qua
404 3834 462 3871 noa.
534 3822 570 3869 29
588 3817 657 3872 oaleae
676 3819 717 3873 ed.
