3250 4350
658 405 662 414 ’
724 428 939 483 Annnmosr
1276 429 1338 494 101

320 597 494 672 specialiter
511 601 707 656 numerantur
725 598 804 656 bona
821 601 902 673 ipsa:
920 600 989 658 iura
1007 599 1098 658 dabat
1115 600 1243 673 leposque
1258 601 1341 658 uiris.

320 688 391 745 iura
413 686 507 745 dabat
530 687 572 746 sic
595 687 649 745 alii
672 690 837 763 exponunt:
860 687 1037 763 imperabat,
1056 687 1108 746 sed
1130 707 1191 747 non
1212 691 1258 746 ita
1281 691 1340 766 est,

320 794 394 834 nam
426 777 480 850 qui
512 776 567 835 sub
598 795 676 835 novo
707 776 834 851 imperio
868 775 998 854 agebant
1028 776 1159 835 nondum
1190 776 1341 836 habebant
1382 800 1386 809 ¹

320 865 404 942 leges
427 866 458 924 et
479 865 547 922 iura
570 859 678 940 quibus
701 868 881 926 tenerentur.
925 865 1001 924 haec
1023 885 1094 943 ergo
1115 867 1183 924 iura
1205 870 1237 925 et
1260 867 1341 945 leges

294 953 417 1014 edebat
443 954 500 1013 hoc
528 957 574 1013 est
599 954 808 1013 constituebat.
855 954 1026 1014 tenentibus
1050 954 1160 1030 quippe
1182 956 1341 1031 imperium

320 1042 414 1119 plena
436 1045 570 1118 potestas
594 1045 639 1103 est
661 1045 728 1102 iura
752 1044 879 1103 scribere
903 1063 938 1102 ac
959 1045 1041 1122 leges
1063 1044 1210 1119 proferre,
1234 1044 1341 1119 quibus

321 1134 430 1190 vivant
459 1132 511 1206 qui
540 1136 634 1210 agunt
662 1131 717 1191 sub
744 1133 884 1207 imperim
920 1152 981 1191 non
1009 1134 1088 1192 enim
1110 1136 1210 1209 potest
1231 1132 1342 1192 rectius

321 1222 424 1280 vivere
456 1220 515 1280 nisi
548 1240 635 1296 quem
668 1224 752 1280 tenet
781 1221 857 1280 iuris
887 1223 1046 1299 legumque
1073 1222 1240 1281 necessitas.
1285 1222 1341 1280 hoe

321 1311 419 1388 igitur
450 1310 510 1367 fuit
541 1313 735 1386 praecipuum
766 1312 799 1369 in
833 1313 896 1369 eius
923 1311 1076 1385 laudibuS,
1106 1329 1174 1369 cum
1201 1309 1343 1370 scriberet

281 1419 309 1459 ro
321 1399 406 1476 leges
430 1403 461 1457 et
482 1399 559 1472 iura,
583 1401 654 1474 quia
678 1399 909 1474 adquiescebant
926 1402 985 1458 viri
1002 1401 1091 1460 iussis
1109 1400 1246 1459 feminee.
1276 1417 1342 1458 ecee

322 1505 393 1546 cum
413 1507 432 1546 a
451 1487 579 1564 publicis
595 1489 739 1548 consultis
754 1491 846 1546 etiam
861 1488 898 1546 ad
913 1508 1037 1564 operum
1054 1490 1187 1547 laborem
1204 1488 1344 1547 venieba-

321 1580 383 1651 tur,
407 1576 583 1636 ostendebat
606 1579 789 1654 aequitatem
813 1597 898 1637 suam
920 1581 951 1636 at
968 1578 1000 1636 in
1018 1578 1198 1637 consulendo
1215 1578 1344 1653 pruden-

321 1667 413 1724 tiam:
437 1682 566 1739 operum,
589 1668 698 1741 inquit,
721 1668 851 1725 laborem
866 1669 1006 1740 partibus
1025 1668 1170 1739 aequabat
1186 1670 1273 1726 iustis
1291 1671 1344 1724 aut

322 1759 400 1813 sorte
418 1755 557 1814 trahebat.
593 1755 705 1815 iudicio
728 1773 782 1815 suo
806 1757 904 1831 operis
927 1756 1023 1832 partis
1046 1756 1173 1833 singulis
1196 1755 1342 1815 adscribe·

284 1862 309 1902 re
322 1843 390 1920 bat,
418 1861 497 1919 quae
524 1845 734 1903 aestimatione
761 1843 897 1904 iustitiae
926 1849 1048 1920 possent
1079 1847 1143 1903 sine
1175 1846 1343 1921 suspicione

323 1934 444 2009 gratiae
464 1932 591 2010 definiri,
606 1952 681 2008 quae
701 1937 803 1992 autem
821 1937 930 1992 natura
949 1953 1003 1992 sua
1022 1934 1201 2010 adplenum
1220 1936 1344 2008 aequari

322 2041 385 2080 non
408 2023 551 2097 poterant
572 2025 704 2082 retracto
728 2022 853 2081 arbitrio
877 2042 930 2082 suo
952 2023 1041 2083 sortis
1059 2022 1170 2082 iudicio
1189 2023 1291 2096 dabat,
1310 2025 1344 2080 ut

323 2130 359 2169 ex
383 2131 462 2170 urna
483 2112 556 2170 licet
578 2114 746 2190 graviorem
770 2114 918 2188 accipiens
937 2112 1049 2170 laboris
1068 2115 1185 2190 partem
1203 2130 1263 2169 non
1282 2115 1343 2170 iam

322 2202 461 2279 reginam
492 2203 657 2277 incusaret,
690 2201 742 2261 sed
774 2203 928 2261 fortunam
960 2221 1052 2262 suam.
1099 2204 1129 2261 et
1160 2203 1233 2260 haec
1266 2203 1344 2260 sicut

284 2290 459 2365 sopieturas
482 2310 542 2350 non
565 2292 691 2367 perfecit
713 2294 818 2367 poeta,
840 2310 910 2349 nam
934 2310 1002 2350 eum
1024 2292 1121 2350 multa
1144 2295 1246 2369 ageret
1264 2290 1343 2349 Dido

322 2380 480 2455 multaque
509 2379 691 2455 disponeret,
717 2399 777 2439 non
802 2382 948 2439 enarratis
972 2380 1111 2439 omnibus
1134 2399 1211 2456 quae
1235 2379 1344 2456 agebat

322 2469 488 2527 intervenit
510 2471 682 2545 repentinus
706 2472 830 2529 eventus
852 2488 951 2527 rerum
975 2473 1006 2528 et
1029 2469 1067 2528 ad
1090 2469 1173 2527 aliud
1195 2468 1345 2527 translata

323 2557 487 2633 descriptio
506 2561 560 2617 est.
592 2577 658 2617 cum
676 2559 770 2617 subito
788 2557 907 2616 Aeaeos
925 2575 1068 2617 mueursu
1086 2559 1220 2617 coemere
1237 2574 1344 2630 maereo

322 2645 443 2704 Aedesa
468 2644 688 2721 Serpestumque
715 2648 793 2706 uidet
821 2649 980 2720 forteneque
1010 2647 1183 2707 Oloautbum
1211 2646 1397 2705 Teucro-610

282 2755 308 2795 rs
321 2752 448 2807 rumque
471 2737 555 2805 altos,
578 2741 641 2796 ater
659 2754 730 2809 quos
748 2754 872 2810 aequm
890 2738 974 2795 turbo
993 2736 1156 2810 dispulerat
1167 2738 1344 2809 penitusque

323 2825 403 2882 abias
432 2826 589 2884 obverterat
614 2842 696 2885 orus:
729 2827 835 2903 agente
858 2825 956 2884 adhuc
978 2824 1095 2884 Didone
1119 2844 1194 2900 quaa
1218 2824 1256 2884 ad
1279 2824 1342 2883 offi-

323 2915 405 2972 cium
427 2914 550 2991 reginae
572 2914 765 2990 pertinebant
787 2915 886 2973 subito
909 2913 1026 2974 Aeneas
1050 2914 1088 2974 ad
1111 2933 1175 2973 eam
1195 2915 1342 2973 venientis

323 3001 458 3061 advertit
482 3021 557 3078 quos
579 3004 611 3062 vi
629 3004 730 3082 pelagi
748 3004 876 3079 putabat
895 3004 1048 3064 extinctos.
1086 3022 1152 3062 ecce
1171 3002 1342 3078 conpletum

323 3094 371 3151 est
394 3091 475 3166 quod
497 3091 616 3151 Aeneae
640 3095 736 3152 mater
757 3092 955 3168 praedixerat.
1002 3095 1139 3166 obstipuit
1160 3093 1249 3151 simut
1271 3094 1342 3165 ipse,

281 3180 412 3241 insimul
434 3182 591 3254 paradeus
613 3180 752 3241 Aetiutes:
784 3182 930 3257 obstipuit
958 3184 988 3240 et
1014 3182 1167 3257 perculsus
1193 3179 1239 3239 bis
1264 3182 1342 3239 aeci-

397 3394 410 3439 1
431 3387 588 3440 auerteraar't
606 3386 649 3441 ed.
741 3392 757 3440 3
776 3389 891 3455 imperio
914 3405 967 3442 om.
987 3386 1030 3440 ed,
1123 3392 1137 3439 't
1157 3393 1225 3441 recte
1244 3386 1286 3439 ed.

321 3466 337 3512 9
355 3460 531 3527 principium
551 3458 593 3511 ed.
682 3461 716 3510 10
734 3474 791 3513 ecee
809 3458 862 3512 La
881 3476 936 3513 ecce
953 3460 1026 3513 cuim
1045 3459 1088 3511 ed.
1179 3464 1210 3511 11
1230 3473 1341 3525 operum

321 3532 443 3585 laborem
462 3528 515 3581 LR
533 3544 616 3597 opera
635 3529 677 3584 ed.
701 3563 708 3585 0
734 3534 769 3582 14
787 3531 893 3584 iudicio
906 3530 958 3582 LR
971 3537 997 3583 ct
1010 3531 1028 3583 ι’.
1044 3529 1087 3583 ed.
1105 3530 1214 3597 {pranis
1226 3526 1280 3580 LR
1293 3528 1340 3580 edl

317 3618 377 3671 par
396 3599 462 3654 edl'.
480 3604 484 3669 Ι
501 3601 672 3655 adscribebat
689 3600 742 3654 LR
760 3602 893 3655 scribebat
911 3619 932 3654 r.
987 3606 1020 3653 22
1040 3602 1120 3654 aliud
1138 3600 1276 3654 translata
1289 3598 1342 3650 th

320 3674 380 3727 alio
399 3672 422 3725 L
436 3670 463 3724 Π
476 3672 604 3725 mamad
621 3673 702 3726 atiud
719 3690 735 3725 r
753 3674 812 3727 otia
829 3673 939 3727 sublata
958 3672 1003 3726 ed.
1075 3677 1108 3725 26
1128 3672 1275 3727 eboeamat
1289 3669 1347 3721 nra

320 3745 385 3799 adu.
407 3743 451 3797 ed
542 3747 576 3795 28
594 3744 624 3796 ei
631 3744 734 3814 pelopi
746 3743 800 3797 th
819 3746 852 3800 iu
866 3745 967 3821 pclayo
987 3746 1032 3803 ed.
1129 3750 1165 3801 ac
1185 3760 1321 3817 pesum
1332 3741 1365 3792 lx

316 3818 331 3866 t
344 3827 484 3879 superpos.
503 3811 528 3861 L
538 3810 570 3862 Π
576 3827 651 3866 man.
664 3818 818 3883 permultas
837 3818 863 3873 R
882 3820 915 3877 in
934 3822 1063 3897 interpr.
1082 3821 1236 3897 perculsus
1248 3816 1322 3871 aa.
