3250 4350
600 439 603 444 -
670 422 672 426 ⁴
708 401 892 457 AENEIDOS
910 402 936 456 V
1265 399 1331 463 489

317 572 411 642 fertur
448 575 541 646 cquis:
578 570 723 632 Troianos
759 572 898 630 ductores
932 571 1102 646 specialiter
1138 571 1332 643 enumeravit,

319 660 435 735 quando
460 661 497 720 ad
521 661 637 721 Siculos
656 665 778 720 ventum
802 665 855 734 est,
878 679 939 718 una
957 660 1153 737 generalitate
1172 654 1331 734 conplexus

318 753 362 807 est
385 751 488 823 omnis,
510 753 545 809 ut
564 751 733 809 ostenderet
750 767 800 809 eos
819 749 874 809 sub
889 749 1026 808 Troianis
1046 749 1145 806 fuisse.
1179 749 1387 820 exceptantem

315 838 426 913 plausu
443 841 572 912 pavidos
592 841 777 913 paucumque
800 842 909 898 tuentes
932 837 1129 897 Dardanidae
1150 841 1333 908 veterumque

291 945 302 983 e
318 932 477 999 agnoscunt
493 945 546 986 cra
559 924 736 1002 porculum:
753 928 801 986 illi
820 928 940 1003 quidem
958 925 1109 1002 pavebant
1126 927 1159 983 in
1173 927 1332 1000 conspectu

317 1014 445 1090 public0,
464 1018 515 1075 sed
533 1018 586 1076 hos
608 1018 732 1077 Troiani
750 1016 923 1075 reficiebant
939 1014 1094 1092 plausibus
1113 1015 1226 1090 duplici
1243 1014 1331 1073 modo

318 1104 488 1180 gaudentes,
513 1106 593 1182 quod
616 1106 759 1166 videbant
780 1106 813 1164 in
835 1105 937 1164 liberis
960 1123 1042 1180 spem
1066 1106 1096 1162 et
1118 1106 1151 1161 in
1173 1105 1247 1179 ipsis
1271 1121 1332 1161 eer-

318 1192 428 1251 nebant
463 1197 621 1270 parentum
658 1191 885 1256 similitudinem
906 1191 1122 1271 propriorum.
1176 1197 1333 1267 postquam

317 1297 429 1340 munem
451 1284 521 1343 lacti
533 1301 697 1344 consessum
711 1285 863 1358 oculosque
881 1301 1002 1342 sucrum
1020 1283 1180 1341 lustravere
1193 1284 1224 1340 iu
1239 1283 1333 1354 equis:

277 1389 386 1428 uocum
409 1373 610 1447 procederent,
629 1394 723 1448 pavor
746 1393 795 1434 eos
820 1372 995 1431 confuderat
1017 1366 1234 1449 †ineontentae
1257 1369 1332 1428 mul-

317 1459 456 1520 titudinis
484 1480 589 1536 causa,
617 1463 668 1521 sed
694 1466 856 1538 postquam
883 1463 1012 1536 acceptis
1035 1479 1155 1520 suorum
1181 1458 1333 1518 favoribus

317 1551 445 1608 recreati
468 1553 545 1625 sunt,
569 1551 755 1610 considerato
779 1568 930 1623 consessu,
953 1553 985 1608 in
1009 1568 1068 1625 quo
1091 1549 1183 1608 alieni
1205 1568 1265 1607 non
1287 1549 1333 1605 fu-

319 1641 413 1711 erent,
436 1639 540 1698 refecti
563 1642 641 1698 sunt.
677 1641 794 1714 Quum
817 1639 943 1698 clamore
955 1640 1074 1713 parutis
1091 1638 1233 1712 Epytides
1252 1638 1334 1712 leupo

318 1727 399 1785 dedit
420 1729 603 1801 insonuitque
626 1729 754 1801 depello:
780 1730 896 1804 paratis
922 1730 984 1786 iam
1007 1729 1125 1805 signum
1149 1727 1231 1785 dedit
1253 1727 1333 1801 Epy-

278 1834 303 1872 1e
319 1816 398 1873 tides
431 1817 558 1875 clamore
587 1822 617 1876 et
648 1817 776 1895 fiagello.
832 1818 883 1876 olli
918 1817 1082 1875 discurrere
1112 1833 1204 1890 pares
1240 1817 1390 1888 atqueeac

320 1906 441 1977 aprluna
469 1909 542 1964 ictui
574 1907 699 1966 diductis
726 1907 836 1965 soluere
867 1907 975 1965 eboris:
1007 1924 1114 1981 agmen
1144 1905 1205 1963 alia
1237 1906 1334 1980 specie

320 1996 411 2066 atque
435 1993 621 2053 ordinatione
644 1995 832 2070 conpositum
854 1995 887 2052 iu
910 1994 985 2054 alios
1008 2012 1071 2053 sese
1095 1993 1211 2052 ordines
1235 1995 1334 2066 vertit,

318 2081 377 2139 hoc
396 2084 474 2139 enim
492 2083 661 2142 faciendum
679 2083 899 2161 significaverat
913 2083 1067 2158 Epytides.
1105 2086 1195 2157 atque
1213 2075 1335 2160 agmina

318 2171 400 2228 terni
423 2169 551 2231 diductis
574 2174 688 2233 solvere
713 2174 823 2233 choris:
850 2175 882 2231 in
911 2172 1016 2231 choros
1039 2172 1192 2231 solvenmt
1215 2171 1335 2248 agmina

276 2260 351 2317 reid
376 2261 421 2317 est
443 2261 475 2318 in
498 2262 601 2335 pertis.
637 2279 798 2336 rursusque
810 2266 904 2321 uocati
922 2265 1083 2321 conuertere
1096 2262 1161 2320 cios
1173 2263 1335 2334 infestaque

319 2346 379 2406 tela
392 2348 496 2406 tulere:
520 2350 580 2406 alio
600 2351 685 2429 signo
704 2354 825 2426 accepto
844 2352 956 2409 mutati
973 2354 1043 2410 sunt
1060 2352 1093 2408 in
1107 2349 1200 2409 alium
1214 2349 1334 2408 modum

320 2438 351 2493 et
373 2436 509 2494 tulerunt
531 2438 592 2496 tela
614 2440 734 2512 infesta,
756 2458 817 2497 non
840 2459 917 2515 vere,
941 2439 993 2498 sed
1016 2440 1054 2498 ad
1077 2440 1240 2516 imaginem
1258 2440 1335 2496 veri-

318 2525 395 2583 tatis
418 2524 536 2584 infesta.
582 2527 655 2602 quid
677 2530 718 2586 sit
740 2532 911 2587 convertere
929 2530 995 2586 vias
1017 2530 1081 2602 ipse
1100 2529 1235 2602 exponit:
1258 2527 1336 2595 tude,

319 2615 430 2689 inquit,
453 2614 528 2672 ulios
550 2616 651 2674 iueuut
668 2632 771 2675 cursus
789 2618 919 2690 aliosque
932 2634 1068 2676 recursus
1082 2616 1214 2675 aduersis
1231 2618 1336 2689 spolies

277 2722 303 2761 ee
319 2703 499 2776 alternisque
526 2703 643 2763 orbibus
670 2707 748 2764 orbis
770 2706 938 2779 iupediunt,
965 2706 1065 2764 idest
1094 2706 1227 2763 miscent.
1268 2709 1392 2778 pu-ose

317 2809 452 2865 paceque
467 2794 541 2851 ciem
554 2794 715 2853 simulacra
728 2796 782 2853 sub
801 2797 910 2853 armis.-
931 2797 1055 2869 propter
1072 2795 1234 2871 imaginem
1248 2813 1336 2853 verae

318 2900 440 2957 pugnae
464 2881 540 2939 dixit
567 2900 658 2958 supra
680 2883 847 2959 infestaque
875 2883 937 2941 tela
959 2883 1068 2956 tulere,
1090 2884 1200 2941 infesta
1223 2883 1337 2942 seilicet

318 2970 390 3028 aliis
419 2970 451 3026 in
480 2988 551 3028 vero
582 2973 756 3043 certamine,
788 2992 848 3030 non
879 2972 953 3046 ipsis
986 2973 1039 3047 qui
1065 2971 1188 3030 ludicris
1215 2991 1336 3046 operam

317 3057 442 3116 dabant.
490 3061 516 3115 et
536 3077 614 3117 uuuc
636 3065 717 3135 terpa
739 3063 813 3134 supa
835 3062 959 3130 cudunt,
985 3078 1065 3119 uuna
1086 3062 1201 3134 spicula
1223 3065 1339 3119 vertunt

393 3286 409 3331 2
429 3296 489 3332 uuo
507 3278 559 3331 LR
577 3287 602 3333 et
620 3297 647 3332 u.
667 3280 732 3334 edF.
825 3290 858 3337 10
877 3286 1050 3337 iueoutcutue
1068 3282 1089 3335 L
1108 3283 1190 3348 item,
1214 3283 1261 3335 aed
1287 3299 1338 3337 ocu

314 3352 462 3420 expuncto
481 3348 507 3402 R
525 3350 722 3419 iuccutcmptae
741 3352 783 3406 ed.
803 3355 900 3423 iupeua
918 3361 1013 3410 tautae
1031 3354 1165 3423 suspicor.
1222 3360 1254 3405 12
1274 3349 1337 3407 ccu-

314 3437 402 3476 scusu
421 3420 442 3471 L
462 3436 544 3473 seusu
561 3420 587 3471 R
604 3436 728 3475 consessu
747 3422 790 3475 ed.
809 3427 882 3491 post.
947 3432 984 3479 v15
1004 3427 1121 3480 electore
1138 3426 1245 3493 {lupello
1263 3424 1285 3477 L
1304 3425 1337 3478 cl.

313 3492 424 3562 βαρεῖα·
442 3490 468 3542 It
486 3491 518 3544 cl.
539 3496 563 3544 et
580 3491 686 3560 pupulo
705 3492 748 3547 ed.
839 3500 871 3548 16
891 3498 962 3550 terni
980 3500 1020 3565 (et
1037 3497 1123 3566 infra)
1142 3495 1168 3548 a
1186 3495 1234 3548 edl
1252 3497 1339 3549 toruis

315 3566 359 3632 (et
379 3561 466 3629 infra)
485 3560 506 3613 L
526 3567 604 3615 torua
623 3562 688 3614 eds.
767 3568 800 3616 19
819 3566 956 3619 'solverunt
973 3567 1025 3620 LR
1044 3585 1099 3622 ure
1117 3567 1160 3621 ed.
1235 3572 1269 3620 24
1287 3566 1338 3619 cd·

313 3636 405 3689 uersis
424 3631 445 3684 L
465 3632 580 3685 aluruis
593 3631 618 3683 R
636 3632 666 3685 in
685 3635 806 3689 aduersis
824 3650 893 3690 corr.
908 3636 968 3705 ipsc
986 3637 1031 3691 vel
1049 3656 1070 3691 r.
1127 3644 1159 3692 27
1180 3639 1236 3693 tela
1253 3639 1339 3692 tulere

313 3706 423 3771 infesta
443 3701 492 3754 LR
514 3717 566 3756 om.
583 3702 624 3756 ed.
685 3708 719 3756 29
739 3710 778 3757 ter
795 3704 1037 3776 avur9a1=u
1055 3712 1170 3780 {puppa
1189 3710 1210 3763 L
1227 3726 1321 3780 pugno

313 3778 342 3829 R
362 3790 415 3843 pro
435 3774 513 3843 supa.
531 3774 535 3842 Ι
555 3775 665 3841 specula
684 3774 712 3827 L.
1309 3794 1316 3812 -,
