3250 4350
350 407 417 473 166
629 407 771 463 noum
786 408 957 463 INTERPB.
974 408 1083 463 VEBG.

347 577 484 637 laborum
499 581 656 646 mm,
668 580 806 638 misem
822 580 918 637 ouini
934 596 995 637 oon
1012 579 1104 653 dipno
1120 580 1255 652 sumtis:
1273 577 1359 638 verbe

346 665 444 743 ipsius
465 665 636 727 adhibentis
658 666 699 726 ud
720 669 926 727 testimonium
948 667 1019 727 deos
1042 666 1133 727 dubio
1153 669 1184 725 et
1201 667 1360 727 incerteet

348 773 426 831 quoe
452 774 587 831 premere
612 773 675 815 non
700 761 824 832 possent
848 758 1053 817 mentientem
1097 774 1153 833 per
1178 773 1303 832 superos
1324 760 1360 829 te,

346 844 457 919 inquit,
469 862 552 923 rogo,
564 844 618 920 qui
630 846 731 905 sciunt
743 847 911 905 veriutenu
939 847 1007 921 quis
1024 847 1141 904 nesciet
1156 863 1244 921 posse
1263 845 1361 904 omnis

347 934 423 993 scire
454 931 599 1009 superos?
642 933 790 1009 numquid
817 933 895 993 dixit
920 954 976 1011 per
1002 952 1125 1010 superos
1151 936 1182 992 te
1209 953 1285 1011 mgo
1312 935 1391 1008 quis

346 1020 446 1081 scium
471 1041 520 1081 me
542 1022 627 1082 nullo
648 1024 682 1082 iu
703 1027 791 1098 porte
812 1021 956 1082 mentiri?
1000 1021 1177 1101 perfidem,
1199 1024 1315 1099 iuquit,
1336 1023 1361 1081 si

345 1113 448 1171 temen
478 1113 654 1188 incorrupte
684 1115 785 1187 petest
815 1112 928 1172 alicubi
957 1111 1097 1188 reperiri3
1138 1112 1252 1181 sciebat
1284 1113 1360 1171 enim

346 1199 428 1278 apud
454 1218 486 1260 se
511 1199 602 1261 fidem
627 1218 690 1259 non
714 1201 808 1261 fuisse
836 1204 867 1260 et
892 1200 962 1261 inde
990 1200 1195 1260 urbib-ebatur
1216 1219 1277 1259 non
1300 1218 1360 1261 osse

346 1289 428 1365 opud
459 1308 648 1365 quemquem
692 1291 833 1349 miserere
859 1289 998 1350 laborum
1024 1293 1192 1364 tentorum,
1223 1291 1360 1357 miserere

346 1379 441 1439 enimi
458 1396 519 1436 non
537 1378 630 1457 dignu
646 1379 784 1438 ferentis:
807 1378 921 1439 sciebat
939 1398 970 1439 se
989 1378 1124 1438 odiosam
1141 1381 1247 1455 utpote
1267 1379 1360 1438 bostis
1372 1397 1393 1437 o

345 1485 448 1545 gerere
474 1485 632 1542 personum
659 1470 691 1527 et
716 1487 752 1527 ex
780 1487 816 1527 ec
843 1486 934 1528 cause
961 1467 1087 1547 dignum
1109 1485 1172 1533 esse
1194 1468 1248 1544 qui
1270 1486 1360 1526 more

344 1559 429 1615 retur
461 1555 564 1614 occidi
608 1556 682 1615 tulit
708 1575 740 1615 se
766 1557 806 1616 eb
832 1558 890 1616 bec
915 1560 1003 1633 purte
1030 1559 1061 1616 et
1087 1558 1206 1616 veniam
1237 1557 1297 1616 sibi
1328 1574 1360 1621 ex

346 1646 500 1704 occasione
521 1644 672 1704 melorum
692 1649 896 1722 praesentium
918 1646 1093 1721 postulavit
1137 1644 1257 1704 vinctus
1283 1644 1361 1703 enim

346 1732 507 1792 crudeliter
527 1733 587 1793 fuit
608 1738 714 1811 utpote
732 1737 880 1811 captivus.
916 1734 1027 1794 idcireo
1051 1737 1096 1794 eit
1116 1735 1258 1794 miserere
1280 1734 1360 1793 lube

344 1841 413 1881 rum
438 1824 601 1882 tentorum„
647 1824 751 1899 utique
778 1824 922 1883 offerebat
949 1823 1070 1883 vinculo
1096 1842 1152 1883 sue
1178 1826 1210 1882 et
1235 1825 1360 1900 captivi·
1373 1841 1392 1882 o

344 1912 418 1971 tetis
441 1913 577 1971 miserias
602 1911 781 1972 testabatur.

294 2004 345 2054 145
412 1999 548 2076 Denique
570 2019 639 2059 mox
661 2006 796 2061 secutum
819 2005 866 2060 est
886 2002 933 2060 bes
953 2002 1085 2060 lacrimis
1101 2003 1193 2060 eitum
1210 2001 1318 2060 domm
1336 2005 1362 2058 et

345 2090 556 2148 miserescimus
581 2089 667 2148 ultro.
712 2092 776 2164 ipse
801 2093 866 2150 otro
887 2093 1007 2164 prim
1030 2091 1163 2149 moneas
1186 2093 1276 2163 atquae
1295 2095 1360 2148 orto

346 2179 438 2237 levari
460 2180 557 2237 vinclo
579 2180 657 2238 iubet
674 2181 828 2240 Priamus:
851 2199 946 2256 usque
965 2180 1040 2239 odeo
1058 2179 1154 2239 flendo
1176 2179 1361 2256 singulorum

346 2266 461 2327 animos
488 2267 582 2344 flexit,
610 2272 645 2326 ut
671 2269 744 2327 hcec
766 2269 905 2328 Priamus
931 2271 1035 2328 statim
1057 2270 1204 2327 removeri
1225 2268 1394 2327 iussissetis

346 2356 453 2431 quibus
486 2357 585 2416 fueret
616 2377 708 2417 nexus
737 2358 844 2433 Sinon,
876 2362 911 2416 ut
942 2360 1073 2417 securior
1102 2357 1237 2415 redditus
1265 2360 1362 2415 cetere

346 2463 422 2520 queo
453 2445 562 2505 habere
593 2446 759 2521 putabatur
789 2447 918 2505 fideliter
948 2449 1108 2505 enarraret.
1154 2445 1295 2519 dictisque
1322 2448 1362 2504 iio

345 2537 428 2606 tetur
450 2538 567 2594 amicis:
600 2534 740 2594 audiendi
764 2535 910 2595 desiderio
934 2536 1041 2594 ductus
1064 2535 1201 2594 Priamus
1223 2534 1362 2610 deposuit

346 2625 556 2683 auctoritatem
577 2624 656 2702 regis
681 2628 711 2683 et
734 2644 801 2683 cum
825 2626 945 2700 captivo
969 2627 1000 2682 et
1017 2624 1102 2683 hoste
1121 2624 1225 2682 amicis
1244 2624 1362 2682 locutus

346 2714 391 2770 est
419 2712 530 2786 verbis3
567 2713 657 2771 aliter
684 2716 764 2774 enim
791 2734 851 2773 non
878 2713 1006 2790 putebat
1034 2713 1110 2772 solvi
1141 2712 1257 2779 animos
1290 2714 1362 2784 ciue,
1376 2730 1397 2769 es

345 2802 404 2859 nisi
422 2803 453 2858 in
473 2822 540 2859 eum
558 2802 737 2861 multimode
755 2802 959 2862 benivolentia
977 2804 1195 2878 praecessisset.
1231 2803 1364 2873 quisquis

346 2905 384 2956 es,
409 2892 531 2948 obtusos
553 2892 621 2949 binc
643 2894 705 2949 tom
728 2893 894 2950 obliviscere
918 2892 1036 2959 Geoios,
1058 2894 1156 2949 noster
1181 2892 1252 2957 eris,
1280 2891 1363 2947 cudit-

345 2994 400 3050 qoe
422 2980 492 3036 leoec
515 2981 638 3038 edissere
655 2998 726 3039 vera
744 2983 874 3054 reponit:
897 2980 1098 3056 supen'oribus
1117 2979 1214 3038 verbis
1233 2977 1365 3038 breuiter

347 3068 377 3125 et
395 3069 543 3126 succincte
562 3069 723 3145 respondit.
761 3071 906 3145 suspectis
931 3071 1010 3128 enim
1032 3068 1119 3128 rebus
1142 3069 1173 3125 et
1196 3070 1364 3127 necessan'o

345 3157 477 3214 tractatu
500 3159 532 3215 in
555 3158 652 3217 medio
681 3160 779 3234 posito
807 3177 867 3217 non
895 3158 999 3217 debuit
1026 3161 1142 3232 tempus
1170 3156 1399 3231 mutiloquioo

347 3247 467 3303 conteri.
514 3248 558 3305 cit
590 3266 660 3325 ergo
693 3248 829 3323 quisquis
862 3267 893 3307 es
924 3247 980 3306 hoc
1012 3249 1057 3305 est
1089 3245 1150 3304 sive
1180 3243 1274 3304 Sinon
1301 3247 1364 3304 sive

346 3333 438 3407 clius3
470 3333 546 3393 dixit
569 3338 649 3394 enim
672 3336 722 3394 ille
747 3335 888 3395 Sinonem
911 3354 942 3395 se
965 3336 1099 3394 vocitari
1145 3335 1273 3393 emissos
1295 3334 1364 3392 hinc

345 3423 407 3480 iem
426 3422 599 3483 obliviscere
619 3423 738 3483 Graios:
763 3443 828 3483 occe
852 3425 928 3483 dixit
951 3422 1080 3482 Graecus
1104 3442 1216 3497 „neque
1241 3443 1289 3481 me
1308 3422 1363 3481 Ar·

418 3651 434 3699 8
454 3647 518 3701 iude
536 3646 589 3699 LR
607 3649 668 3702 ideo
688 3648 731 3701 ed.
837 3652 870 3699 18
889 3648 948 3701 olto
966 3661 1018 3716 pro
1037 3652 1100 3700 arto
1119 3645 1149 3698 L.
1253 3652 1286 3699 19
1304 3647 1364 3701 cin-

345 3717 409 3771 euto
423 3716 487 3841 [ipit.
598 3723 632 3773 26
648 3720 819 3788 processisse!
839 3718 904 3771 eds.
1009 3722 1043 3771 32
1062 3734 1116 3773 ecee
1135 3734 1186 3786 pro
1204 3734 1233 3771 se
1251 3717 1277 3769 R
1295 3733 1363 3769 corr.

345 3803 407 3840 r=
446 3831 451 3839 .
