3250 4350
707 433 894 488 AENEIDOS
911 434 940 487 I·
986 442 991 450 ‘
1282 436 1324 499 57

307 603 412 681 pelagi
434 603 659 662 demonstraret.
700 605 816 662 interea
839 606 911 679 quia
934 605 1025 663 semel
1048 605 1181 679 positum
1204 606 1250 662 est
1272 624 1324 680 po-

306 693 383 766 tuit,
413 710 467 751 nos
494 711 554 751 non
581 692 637 752 hoo
664 693 767 769 semel,
795 692 848 752 sed
875 694 994 769 saepius
1021 692 1161 752 debemus
1191 695 1324 768 accipere

307 783 367 841 hoo
389 780 491 840 modo:
521 780 664 856 Antenor,
687 781 796 857 inquit,
819 783 920 857 potuit
941 781 1036 842 hostis
1059 782 1198 855 evadere,
1224 784 1326 858 potuit

306 871 447 946 Illyricos
464 872 547 930 sinus
559 872 724 946 penetrare,
738 872 841 946 potuit
853 889 947 949 regna
960 869 1161 930 Liburnorum
1175 890 1325 947 superare,

279 961 411 1035 spotuit
433 960 547 1018 fontem
566 958 686 1018 Timavi
707 960 925 1034 transmittere3
948 964 980 1019 et
997 978 1136 1035 superare
1155 978 1216 1019 nou
1235 960 1325 1019 semel

308 1047 518 1123 accipiendum
537 1050 591 1123 est,
604 1050 639 1107 ut
658 1050 698 1107 sit
716 1048 831 1107 fontem
848 1067 988 1123 superare
1003 1048 1122 1107 Timavi
1140 1051 1171 1107 et
1185 1068 1325 1124 superare

306 1155 404 1215 regna
425 1135 635 1196 Liburnorum.
680 1137 729 1196 hic
756 1140 858 1197 tamen
885 1139 951 1196 ille:
987 1139 1020 1196 in
1046 1157 1105 1197 uno
1129 1137 1271 1198 adverbio
1295 1141 1326 1197 et

307 1228 485 1302 pronomine
508 1224 760 1303 grandepondus
784 1226 895 1286 doloris
919 1226 1038 1301 adiecit,
1060 1227 1117 1302 hic,
1140 1229 1250 1304 inquit,
1268 1227 1325 1287 boc

307 1319 355 1374 est
381 1317 415 1373 in
442 1314 613 1393 regionibus
640 1316 800 1375 hostilibus
829 1317 859 1375 et
885 1336 940 1391 per
965 1320 1013 1375 tot
1040 1315 1232 1376 difficultates
1260 1318 1325 1375 sine

264 1425 292 1465 ro
307 1406 489 1479 cuiusquam
510 1404 649 1463 molestia
671 1406 818 1479 transitis,
836 1404 898 1480 ille,
915 1405 971 1465 hoc
994 1409 1039 1464 est
1061 1406 1150 1465 homo
1173 1405 1325 1465 inferioris

305 1494 411 1552 meriti
442 1495 491 1552 cui
522 1492 674 1552 abundare
706 1493 828 1552 deberet
858 1494 938 1569 quod
965 1496 997 1551 in
1025 1496 1116 1555 Troia
1144 1493 1326 1554 Graecorum

306 1601 417 1642 manus
446 1587 594 1659 evaserat,
623 1584 743 1641 tanturn
766 1582 921 1643 felicitatis
944 1588 990 1642 est
1012 1583 1152 1660 adeptus,
1179 1586 1216 1643 ut
1240 1587 1324 1644 tutus

305 1674 478 1749 transierit,
504 1674 590 1730 tutus
613 1674 794 1747 pervenerit,
822 1675 907 1733 tutus
933 1674 1086 1732 civitatem
1109 1673 1233 1732 Touesis
1257 1692 1325 1733 con·

307 1760 433 1836 diderit,
460 1764 545 1820 tutus
572 1762 692 1820 nomine
716 1761 847 1821 Troiano
873 1763 1001 1821 vocitari
1027 1760 1184 1839 indigenas
1211 1763 1325 1835 fecerit,

267 1870 295 1911 rs
308 1853 395 1909 tutus
427 1868 511 1908 arma
544 1848 674 1909 Troiana
710 1850 767 1909 boc
799 1854 845 1909 est
880 1852 961 1910 rictu
992 1852 1024 1907 iu
1054 1868 1156 1908 eorum
1188 1851 1324 1926 partibus

307 1939 409 1998 fixerit
436 1958 510 2014 quos
538 1942 689 1998 constaret
716 1942 844 2000 victores
871 1941 1018 2009 extitisse,
1045 1942 1130 1998 tutus
1156 1942 1188 1998 in
1215 1940 1324 2015 plenis·

307 2031 386 2087 sima
414 2030 514 2104 quiete
541 2027 690 2104 perduret.
737 2047 802 2088 ecoe
831 2029 1015 2089 ostendimus
1044 2029 1138 2088 semel·
1163 2028 1245 2087 dicta
1269 2048 1324 2104 pro

308 2119 430 2194 saepius
457 2118 546 2177 dictis
573 2117 756 2194 accipienda.
803 2116 841 2177 ab
870 2120 1092 2178 enumeratione
1115 2120 1324 2195 prosperitatis

308 2208 426 2266 alienae
459 2209 568 2266 transit
600 2208 639 2265 ad
671 2210 915 2284 conparationem
944 2227 1089 2283 personae
1126 2227 1196 2267 suae
1233 2210 1324 2283 etque

264 2318 293 2357 so
306 2297 428 2354 Aeneae
449 2296 644 2355 etmalorum
663 2297 698 2356 de
718 2296 827 2372 quibus
842 2297 1034 2372 querebatur,
1054 2299 1098 2356 ait
1116 2299 1196 2357 enim
1213 2315 1267 2356 oros
1285 2299 1315 2355 et
1326 2298 1378 2347 250

307 2387 433 2461 exponit
456 2385 529 2460 quid
552 2387 593 2444 sit
610 2404 673 2460 nos,
693 2405 875 2460 quamquam
894 2390 932 2460 et,
951 2389 1054 2445 sinon
1073 2387 1205 2462 dixisset,
1224 2392 1324 2462 posset

261 2492 263 2494 ·
306 2474 459 2552 intellegi,
487 2480 551 2542 teo,
580 2474 693 2551 inquit,
716 2478 884 2549 propendeo,
916 2475 971 2534 hoc
999 2477 1044 2534 est
1071 2478 1134 2534 eius
1168 2477 1221 2549 qui
1252 2475 1323 2534 deos

307 2564 404 2623 omnis
434 2565 464 2622 et
490 2565 625 2622 homines
652 2564 746 2623 babes
772 2567 803 2622 iu
827 2567 991 2641 potestate,
1014 2565 1094 2640 apud
1119 2583 1208 2638 quem
1231 2566 1324 2639 privi-

306 2654 422 2730 legium
448 2654 540 2728 primi
567 2652 677 2731 gradus
704 2653 812 2713 habere
841 2654 1003 2713 debuimus.
1049 2654 1249 2726 coctionibus
1272 2653 1323 2712 od-

266 2763 292 2802 es
306 2743 377 2800 cuis
407 2759 516 2811 arcem,
547 2744 673 2801 mochus
701 2742 887 2817 (infandum)
915 2743 1032 2802 orsiesis
1058 2744 1148 2800 unius
1179 2744 1214 2802 ob
1245 2744 1324 2801 iram

301 2831 462 2905 prodimur
493 2836 579 2903 atque
606 2833 694 2891 Italis
725 2834 807 2906 lonpe
839 2832 1037 2904 disiungimur
1064 2833 1137 2890 orec:
1173 2831 1244 2889 dum
1272 2851 1323 2908 spe

306 2920 446 2978 ducimur
474 2923 688 2995 promissorum
713 2924 835 2980 tuorum
864 2924 895 2979 et
917 2922 1002 2980 navis
1026 2922 1178 2980 amisimus
1203 2922 1233 2979 et
1256 2940 1322 2996 pro·

306 3011 430 3069 missam
458 3007 580 3068 Italiam
612 3012 712 3068 tenere
739 3029 798 3069 non
826 3028 991 3085 possumus.
1043 3009 1123 3084 quod
1150 3013 1252 3068 autem
1280 3009 1323 3068 ait

307 3101 398 3157 unius
422 3096 460 3156 ob
483 3100 569 3171 iram,
593 3100 705 3173 optime
729 3098 767 3155 ad
790 3098 879 3156 finem
902 3099 1043 3158 dictionis
1067 3100 1113 3158 est
1130 3102 1322 3158 reservatum.

265 3209 291 3248 ao
306 3207 375 3245 cum
407 3189 489 3245 omni
520 3189 600 3244 enim
627 3186 759 3246 cautela„
773 3190 803 3244 et
830 3187 933 3246 ordine
961 3206 1014 3246 suo
1043 3187 1157 3263 debuit,
1186 3190 1322 3263 quamvis

306 3277 437 3351 oblique,
461 3275 580 3350 pulsare
598 3275 720 3334 Iunonis
743 3276 900 3350 malitiam,
919 3296 965 3349 ue,
984 3277 1010 3335 si
1033 3278 1111 3336 iuter
1133 3279 1222 3337 initia
1245 3277 1323 3336 dice-

305 3368 402 3437 retur,
435 3363 563 3423 offensus
590 3364 726 3440 Iuppiter
759 3383 793 3422 ex
826 3365 958 3423 evidenti
986 3367 1099 3445 ,sororis
1129 3369 1160 3425 et
1187 3368 1322 3444 coniugis

305 3472 377 3513 suae
396 3454 509 3511 iniuria
528 3453 675 3512 desideria
695 3456 725 3511 et
743 3453 933 3513 necessitates
952 3457 1098 3530 gementis
1117 3474 1177 3514 non
1196 3455 1323 3514 libenter

377 3681 393 3729 6
412 3677 515 3742 fontem
526 3682 594 3730 -et
612 3658 665 3730 om.
686 3676 738 3729 th
757 3677 800 3732 ed.
820 3678 884 3732 add.
904 3676 934 3734 r‘.
1009 3683 1043 3732 10
1062 3680 1188 3734 trossulis
1207 3679 1261 3732 LR
1278 3697 1322 3733 eu-

300 3749 409 3817 peratie
427 3747 471 3802 ed.
561 3752 595 3801 12
613 3754 681 3802 reret
696 3743 749 3804 ΕΒ
768 3750 810 3805 ed.
831 3757 875 3808 eet
893 3769 916 3807 r.
953 3806 955 3808 .
1009 3757 1046 3808 ib
1066 3753 1199 3825 portibus
1212 3751 1274 3806 us
1293 3749 1347 3802 set

290 3820 453 3884 WWW
466 3817 498 3868 ¹⁵1²
515 3833 602 3888 Με-
680 3827 715 3877 20
734 3841 787 3882 nor
804 3831 833 3888 et
852 3826 908 3885 LR
928 3835 953 3887 et
974 3845 1031 3886 om.
1053 3828 1101 3886 ed.
1175 3861 1177 3867 ·
