3250 4350
360 405 425 470 186
638 405 780 461 Donum
795 404 966 462 nemen
984 405 1093 461 me.

358 573 512 633 citandum
534 574 731 634 dormientem
751 577 852 634 fuerat
875 580 1006 635 rentum.
1040 575 1179 652 denique,
1201 575 1274 635 dum
1295 592 1369 634 rane

305 686 308 690 ·
358 663 567 740 superflueque
588 666 783 740 perquireret,
800 684 862 723 uon
879 665 933 723 ille
950 665 991 724 sd
1007 668 1193 742 interrogata
1210 664 1368 740 respondit

358 751 411 811 sed
443 771 497 811 cur
526 755 644 812 venisse
674 753 827 813 rideretur
858 753 956 814 ductis
982 774 1019 812 ex
1045 755 1108 813 alto
1135 752 1297 832 gemitibus
1324 771 1369 811 ex·

358 845 476 916 pressit,
498 845 551 918 qui
572 846 674 901 tamen
696 843 746 901 uel
767 861 804 900 ex
826 861 886 918 qna
908 860 998 902 eausa
1021 843 1135 901 fuerint
1161 845 1223 918 ipsi
1244 843 1369 920 gemitus

357 933 422 1006 ipse
444 933 477 989 in
499 931 692 1007 sequentibus
713 932 868 990 evidenter
890 933 1029 991 ostendit
1046 933 1152 1010 fugam
1173 933 1287 1007 quippe
1309 933 1396 990 viros

356 1021 430 1078 forti
452 1020 599 1079 suadebat
620 1022 721 1098 imago
739 1022 798 1079 riri
816 1022 913 1094 fortis,
931 1022 991 1079 civi
1008 1020 1123 1096 optimo
1141 1021 1274 1096 optimus
1292 1020 1369 1080 civis.

357 1109 439 1184 quod
460 1112 560 1184 ipsum
584 1129 644 1168 non
666 1110 814 1176 maderet
836 1112 863 1169 si
885 1114 1053 1184 superesset
1070 1108 1187 1185 aliquid
1205 1111 1255 1168 cui
1273 1112 1370 1185 posset

357 1217 415 1274 ope
432 1199 535 1274 aliqua
552 1199 602 1257 111
620 1198 734 1257 auxilio
751 1199 912 1258 subveniri
948 1198 1077 1274 denique
1093 1217 1162 1257 mox
1180 1201 1370 1274 consequitur

356 1306 447 1346 cansa
475 1306 553 1362 quae
580 1306 698 1346 omnem
725 1288 788 1346 vim
816 1288 1033 1363 desperationis
1056 1287 1226 1346 ostenderet
1249 1288 1370 1364 ipseque

357 1378 454 1434 omnis
477 1377 583 1435 stricta
605 1376 754 1435 brevitate
776 1377 974 1446 concluditur,
995 1380 1031 1434 ut
1047 1377 1215 1452 periculum
1233 1394 1396 1451 praeseun

356 1468 389 1523 et
409 1483 479 1524 mox
500 1465 675 1524 inevitabile
697 1467 833 1524 futurum
855 1468 947 1523 vitari
965 1467 1119 1540 potuisset
1156 1465 1202 1524 ait
1220 1467 1304 1524 enim
1320 1467 1370 1525 ter

355 1557 434 1627 supe,
461 1559 529 1612 nale
556 1555 620 1615 dre.
646 1559 727 1626 leque
752 1556 807 1623 leis,
835 1558 887 1613 011.
915 1558 995 1628 cripe
1016 1557 1153 1625 flammis,
1175 1555 1294 1613 scilicet
1315 1572 1369 1614 uon

356 1643 491 1701 venturis
512 1645 670 1702 interiecto
694 1644 792 1718 spatio
814 1646 968 1719 temporis,
990 1642 1043 1702 sed
1065 1645 1196 1718 quaein
1219 1641 1369 1719 present

356 1734 388 1790 et
413 1733 573 1815 monstrari
602 1735 633 1789 et
658 1732 756 1791 videri
780 1734 958 1807 potuissent.
1002 1735 1083 1790 recte
1109 1735 1210 1790 autem
1232 1734 1369 1809 coepite

355 1820 467 1879 doloris
500 1823 586 1898 signo
618 1821 719 1880 dicens
748 1821 809 1879 beu
835 1822 919 1897 fuge3
951 1821 1072 1880 dolebat
1098 1822 1177 1879 enim
1205 1820 1276 1880 duo·
1322 1820 1396 1897 quio

356 1912 436 1967 enim
468 1910 506 1968 ad
538 1911 682 1968 auxilinm
713 1910 817 1969 debuit
848 1912 964 1968 hortari
994 1912 1094 1968 virum
1129 1909 1240 1968 fortem
1277 1912 1368 1988 magis

355 1998 474 2056 dicebat
500 1999 675 2076 fugiendum
703 2000 738 2057 11.
785 2003 829 2072 11,
852 1999 932 2074 quod
955 2003 997 2057 sic
1020 2000 1174 2057 interierat
1197 2001 1313 2072 totum,
1336 2002 1369 2056 ut

355 2107 415 2145 nou
443 2091 609 2162 superesset
636 2088 752 2163 aliquid
775 2088 856 2162 quod
878 2091 979 2164 posset
1002 2089 1072 2146 boni
1095 2087 1168 2146 civis
1199 2086 1367 2147 adiumento

303 2178 478 2251 asofulciri,
512 2178 633 2235 additur
664 2178 792 2236 secunda
824 2178 993 2253 desperatio
1024 2179 1114 2236 101111
1144 2179 1230 2235 10111
1258 2194 1368 2236 maros:

355 2266 487 2340 possedit
509 2267 604 2325 hostis
627 2268 704 2325 unde
728 2270 894 2343 expugnari
912 2269 1060 2341 potuerat.
1092 2268 1183 2324 tertia
1202 2267 1395 2343 desperatior

357 2355 496 2413 11111110
520 2358 643 2414 eulmine
669 2358 767 2422 Troia,
790 2356 847 2414 hoc
870 2361 916 2414 est
938 2355 1068 2413 concidit
1090 2356 1152 2412 iam
1175 2357 1224 2413 cui
1250 2360 1366 2431 poterae

356 2444 519 2503 subvenire.
551 2445 581 2502 hi
600 2447 693 2522 igitur
711 2446 793 2503 fuere
813 2448 942 2522 gemitus
961 2443 1157 2516 admonentis,
1171 2443 1254 2519 quod
1273 2444 1366 2503 omnia

355 2536 387 2591 in
414 2554 507 2591 unum
533 2535 613 2592 mala
641 2536 817 2608 nefariaque
842 2537 1054 2606 convenerant,
1082 2535 1168 2609 fuga,
1196 2536 1231 2591 ut
1259 2534 1366 2593 dictum

355 2626 408 2697 est,
431 2622 545 2680 indicta
568 2624 633 2681 viro
656 2624 729 2680 forti
748 2626 779 2680 et
795 2625 936 2680 interitus
956 2623 1079 2681 Troiani
1097 2622 1225 2696 imperii.
1269 2641 1366 2681 verum

356 2730 392 2768 ue
415 2711 549 2769 desertae
572 2713 690 2787 patriae
712 2712 851 2787 genitalis
875 2713 1065 2770 incursurum
1088 2730 1118 2769 se
1144 2711 1266 2787 culpam
1294 2710 1394 2769 arbi-u

355 2803 485 2857 traretur
512 2801 641 2874 Aeneas,
674 2802 700 2858 si
731 2801 762 2858 id
794 2801 928 2874 fecisset,
958 2802 1151 2877 augmentum
1179 2799 1365 2876 plenissimae

356 2889 569 2962 desperationis
592 2889 737 2966 adiungit,
755 2891 790 2947 ut
807 2889 884 2947 hanc
903 2889 999 2948 modis
1017 2888 1154 2947 omnibus
1173 2889 1364 2948 submoveret

356 2977 438 3033 nulla
461 2982 506 3035 est
529 2979 649 3053 quippe,
673 2980 698 3037 si
721 2979 910 3052 relinquatur
932 2977 1013 3053 quod
1036 2980 1079 3035 sic
1100 2980 1201 3052 periit,
1228 2981 1264 3036 ut
1287 2978 1365 3036 nulle

355 3068 449 3140 possit
477 3067 675 3140 opitulatione
703 3067 810 3125 fulciri.
858 3067 937 3141 quod
969 3068 1068 3142 ipsum
1099 3070 1134 3125 ut
1165 3068 1300 3143 apertius
1330 3067 1365 3125 si·

355 3156 472 3229 gnaret,
502 3155 619 3214 addidit
640 3161 688 3214 sot
704 3159 824 3228 patriae
845 3156 1021 3228 Priamoque
1043 3157 1159 3225 datum,
1186 3159 1222 3214 ut
1248 3156 1396 3231 pleneme

354 3243 468 3301 venisse
486 3244 642 3301 interitum
662 3245 886 3304 demonstraret.
922 3247 949 3302 si
967 3246 1113 3317 Perpamo
1132 3246 1235 3303 dextro
1254 3244 1365 3318 defendi

349 3335 468 3403 possent
495 3335 594 3400 etiem,
622 3335 677 3391 leae
703 3335 824 3405 defesso
846 3334 984 3405 fuissent:
1016 3334 1088 3408 quia
1110 3336 1231 3409 poterat
1254 3335 1364 3392 Aeneas

427 3507 439 3552 1
455 3502 521 3554 dom
536 3503 588 3555 th
603 3503 645 3556 cd.
656 3509 735 3556 com?
781 3509 813 3555 16
828 3505 937 3557 hortare
947 3503 998 3555 LR
1008 3519 1076 3557 corr.
1088 3522 1108 3556 r.
1148 3510 1181 3557 19
1195 3502 1347 3559 1011111111.

354 3577 387 3623 111
398 3575 521 3640 possidet
535 3592 555 3626 r.
574 3579 577 3642 l
593 3576 751 3644 1111190111
759 3575 846 3629 LRis
859 3576 927 3629 reici
936 3575 979 3628 ed.
997 3577 1000 3641 Ι
1012 3581 1143 3644 potuerat
1152 3575 1174 3627 L
1181 3572 1364 3644 potuissentB

353 3644 427 3696 -isset
441 3662 462 3697 r.
506 3651 538 3698 21
554 3643 672 3699 altone
682 3648 737 3700 alto
748 3664 766 3699 α
776 3646 819 3699 ed.
862 3650 896 3698 27
910 3645 1124 3699 hancthhunc
1134 3646 1178 3699 ed.
1221 3652 1256 3699 28
1270 3647 1364 3715 quippe

354 3714 406 3766 th
419 3717 501 3782 culpo
520 3734 540 3768 r.
603 3722 637 3769 32
649 3718 756 3785 possint
770 3718 831 3784 LR,
846 3718 896 3771 sed
909 3716 984 3769 infra
995 3723 1112 3784 possent.
1131 3719 1135 3784 Ι
1150 3718 1198 3771 bec
1211 3718 1265 3771 LR
1277 3719 1364 3771 teser

352 3785 403 3839 lum
413 3785 448 3840 r':
462 3786 565 3839 lemme
575 3788 727 3841 seeundum
738 3788 852 3862 interpr.
860 3787 984 3841 distinxi.
1002 3794 1005 3855 Ι
1019 3788 1120 3856 poterit
1129 3789 1154 3841 R
1162 3796 1272 3857 poterat
1279 3785 1361 3841 r=ln
