3250 4350
720 429 903 485 AENEIDOS
921 430 935 484 Ι
1272 431 1333 496 121

387 597 532 674 Obstipuit
547 600 648 673 pruno
671 603 789 672 aspectu
806 599 932 659 wenta
948 598 1039 668 Dido,
1061 617 1133 660 oosu
1154 601 1260 659 deinde
1276 603 1336 660 oiri

316 692 399 747 tento
423 692 450 747 et
470 690 513 747 sio
535 705 584 747 ore
606 689 703 748 locutu
725 692 780 747 est:
801 690 909 764 primo,
931 689 1041 763 inquit,
1059 692 1197 766 aspeotus
1215 688 1335 749 Aeneae

317 779 361 836 sio
384 776 512 837 Didonis
535 778 671 836 animum
692 779 814 854 repente
838 779 1013 852 commorit,
1039 780 1075 837 ut
1097 779 1246 854 stupuerit
1268 780 1335 838 visa.

316 868 381 925 eius
409 867 519 941 forme,
547 884 650 926 oasum
677 866 740 925 eius
768 866 875 926 deinde
902 867 1071 925 miraretur.
1116 866 1271 927 redeamus
1295 867 1335 927 ad

289 957 502 1031 ssuperiorem
532 955 628 1032 ipsius
660 954 892 1031 descriptionem
923 957 955 1015 et
985 957 1171 1015 inveniemus
1203 958 1334 1032 stuporis
1387 951 1389 955 ’

316 1043 450 1104 eiusdem
468 1062 587 1119 oausam
610 1044 686 1103 dixit
704 1046 784 1104 enim
802 1063 853 1119 „os
876 1063 1053 1121 umerosque
1077 1045 1132 1104 deo
1155 1043 1281 1104 similis“
1304 1049 1335 1106 et

316 1138 424 1192 oetere.
466 1136 546 1192 reote
570 1152 640 1211 ergo
663 1136 812 1193 commota
835 1133 915 1193 Dido
938 1133 1092 1210 obstipuit
1134 1152 1206 1193 oasu
1228 1132 1334 1193 deinde

314 1224 377 1280 viri
403 1225 504 1282 tanto:
536 1224 648 1299 primo,
674 1223 788 1298 inquit,
817 1225 954 1300 reginam
980 1224 1060 1282 tanti
1087 1225 1146 1281 viri
1174 1225 1336 1282 commovit

315 1313 469 1388 aspectus,
497 1311 624 1371 seeundo
652 1330 738 1371 oasus
767 1330 826 1387 quo
853 1311 977 1371 liberari
998 1313 1100 1388 potuit
1122 1316 1153 1371 et
1175 1311 1214 1371 ad
1236 1313 1335 1388 ipsam

275 1401 394 1459 ronulli
420 1401 505 1460 visus
531 1403 653 1476 repente
680 1403 844 1476 pervenire.
891 1402 934 1461 sie
960 1404 1062 1460 tamen
1085 1401 1177 1460 etiam
1199 1402 1268 1477 ipsa
1288 1421 1334 1460 re·

315 1488 451 1566 spondit:
488 1492 553 1563 quis
580 1493 619 1558 te,
645 1493 714 1549 note
742 1491 811 1559 den,
833 1507 891 1564 per
913 1494 996 1549 tento
1013 1492 1150 1564 periente
1172 1507 1259 1550 cesus
1280 1493 1388 1550 ire-615

315 1579 468 1652 sequitur?
508 1595 584 1652 quoe
610 1580 655 1637 nis
682 1580 853 1638 inmunibus
878 1579 1008 1653 adplicet
1030 1580 1110 1638 oris?
1156 1578 1280 1638 dioendo
1302 1580 1335 1638 in

317 1669 414 1743 pn'ma
441 1668 529 1742 parte
556 1668 701 1727 sermonis
729 1669 775 1728 sui
802 1671 873 1727 nate
901 1668 957 1727 dea
984 1667 1116 1729 ostendit
1142 1669 1276 1743 aliquam
1303 1687 1335 1729 se

319 1758 436 1833 generis
465 1757 528 1814 eius
555 1755 665 1815 habere
693 1758 835 1816 notitiam
862 1760 906 1832 et,
932 1757 989 1816 hoo
1015 1757 1087 1816 lieet
1110 1757 1191 1832 apud
1212 1757 1336 1817 Aenean

280 1862 304 1902 n
317 1847 420 1922 posset
443 1863 507 1904 esse
529 1844 676 1919 mirabile,
700 1845 818 1905 eddidit
838 1845 961 1923 indigne
984 1846 1071 1904 ilium
1088 1848 1155 1922 pati
1173 1849 1208 1904 ut
1225 1862 1260 1905 ex
1279 1846 1336 1906 dea

316 1935 437 2013 genitus
470 1932 586 1994 delatus
618 1936 659 1993 sit
690 1953 744 2012 per
780 1936 941 2012 naufragia
973 1935 1011 1994 ad
1046 1937 1183 2012 regiones
1220 1952 1334 1995 saevas.

315 2028 385 2082 tune
414 2023 465 2082 iiie
491 2021 609 2082 Aemus
639 2041 724 2106 quem
754 2024 914 2083 Dardanio
944 2021 1093 2083 Anchisae
1121 2026 1202 2083 alme
1237 2024 1335 2084 Venus

314 2113 440 2188 Pnryqii
468 2115 571 2186 umen
600 2111 755 2174 Simoentis
787 2114 828 2172 nd
859 2113 992 2172 undum?
1041 2131 1108 2172 eooe
1140 2115 1171 2171 et
1202 2113 1335 2172 looorum

315 2204 420 2279 tetigit
452 2203 482 2260 et
513 2202 632 2261 Aeneae
664 2204 759 2279 ipsius
791 2221 899 2262 nomen
932 2206 963 2262 et
991 2221 1149 2279 personam
1175 2206 1335 2279 parentum

278 2310 302 2349 eo
315 2290 509 2366 ostenditque
531 2309 562 2350 se
580 2292 773 2352 miseratione
791 2292 980 2367 commoveri,
999 2311 1067 2351 oum
1085 2292 1160 2351 dicit
1176 2311 1231 2369 per
1247 2295 1335 2352 tanta

315 2380 452 2456 pericula
475 2380 542 2455 quis
565 2381 596 2437 te
619 2398 704 2440 oasus
727 2382 897 2458 insequitur
919 2384 1025 2440 natum
1043 2401 1079 2441 ex
1097 2379 1172 2441 dea?
1206 2383 1335 2441 miratur

315 2488 382 2528 eam
408 2486 485 2545 quae
508 2468 611 2528 debuit
633 2472 770 2545 potentia
792 2469 925 2529 numinis
949 2470 996 2530 sui
1018 2472 1099 2530 tueri
1116 2470 1212 2529 filium
1231 2474 1335 2529 eontra

315 2560 418 2618 omnia
450 2557 637 2617 inoommoda
668 2577 723 2618 neo
754 2562 856 2618 tamen
887 2559 969 2618 feeit.
1020 2561 1055 2618 ut
1086 2561 1187 2619 autem
1215 2559 1334 2619 Aeneae

315 2647 546 2706 admirationem
573 2648 705 2707 auferret
733 2666 749 2706 e
776 2648 888 2722 medio,
917 2667 979 2724 qua
1006 2648 1085 2706 idem
1106 2650 1204 2707 teneri
1225 2650 1335 2723 potnit,

280 2754 303 2794 n
315 2738 440 2813 exponit
466 2737 533 2811 ipsa
561 2737 708 2812 quomodo
737 2737 851 2797 feotum
878 2739 919 2797 sit
945 2741 981 2795 ut
1003 2741 1034 2797 et
1055 2739 1168 2813 ipsum,
1197 2739 1334 2813 quamvis

316 2825 471 2901 opinione,
499 2827 530 2882 et
557 2844 650 2904 genus
678 2827 742 2885 eius
770 2830 880 2886 nosset.
926 2831 1012 2901 utque
1034 2827 1166 2901 equidem
1189 2827 1334 2886 Teuorum

315 2916 437 2973 memini
453 2912 567 2973 nunu
584 2918 682 2975 uenire
700 2917 811 2987 [initus
834 2916 987 2989 mutinum
999 2918 1120 2989 patriis,
1137 2932 1215 2975 nonu
1232 2934 1324 2991 renuo
1334 2922 1387 2972 620

310 3007 456 3076 peterten
478 3004 590 3063 munio
612 3004 698 3075 But·
717 3007 831 3078 ueniter
853 3009 916 3064 tum
932 3005 1026 3063 Boius
1049 3007 1178 3079 epimmn
1199 3006 1336 3064 uastabat

318 3091 450 3167 Cyprium
480 3095 508 3151 et
537 3095 629 3153 vietor
659 3094 772 3153 dioione
803 3095 923 3153 tenebat.
969 3097 1095 3167 tempore
1124 3096 1187 3152 mm
1218 3111 1253 3153 en
1283 3094 1334 3153 itio

284 3198 305 3239 n
317 3196 403 3240 eosne
425 3181 498 3239 mni
520 3186 650 3257 mundus
671 3184 756 3242 urbis
780 3183 929 3243 Troianae
950 3200 1110 3256 nomenque
1137 3187 1220 3241 tumn
1241 3200 1335 3257 reyes·

387 3321 404 3370 5
423 3324 532 3386 repente
550 3334 603 3371 om.
619 3316 662 3371 ed.
680 3318 684 3387 1
700 3318 829 3387 stipuerit
842 3316 895 3369 LR
913 3316 1082 3383 obstupuerit
1099 3316 1162 3370 ed·
1201 3323 1217 3370 4
1236 3316 1334 3370 deinde

315 3387 365 3441 LR
385 3388 504 3457 denique
522 3390 565 3443 ed.
635 3393 651 3441 5
670 3390 760 3456 ipsius
777 3387 831 3440 LR
848 3389 907 3441 eius
925 3387 968 3439 ed.
1033 3392 1049 3440 6
1068 3388 1187 3443 eiusdem
1204 3387 1257 3440 LR
1275 3389 1335 3442 eins

316 3460 356 3513 ed.
416 3464 432 3512 7
452 3466 584 3516 oomnmtu
596 3459 650 3512 LR
662 3460 756 3529 primo
770 3465 916 3528 aspectae.
934 3474 956 3512 r.
1014 3463 1047 3511 10
1064 3460 1153 3514 nuliis
1171 3459 1214 3513 ed.
1231 3461 1235 3527 Ι
1252 3461 1335 3513 etium

316 3531 367 3585 nli
385 3536 413 3586 et
431 3531 475 3585 ed.
541 3538 574 3588 15
590 3530 756 3601 poeniten}
777 3547 817 3584 un
834 3530 917 3601 diuite
929 3529 983 3583 LR
996 3529 1144 3600 indiynur
1162 3530 1275 3600 indique
1289 3530 1332 3583 ed.

367 3608 404 3655 22
422 3620 483 3657 eam
501 3603 527 3656 R
545 3620 606 3659 eum
624 3602 645 3655 L
664 3603 737 3657 enim
755 3602 798 3656 ed.
829 3604 833 3671 Ι
861 3602 908 3656 sui
925 3602 997 3657 tueri
1014 3600 1067 3653 LR
1085 3602 1267 3656 demonstrari
1284 3607 1336 3656 out

315 3674 450 3743 interpoe.
466 3674 510 3728 ed.
584 3678 618 3728 23
636 3674 701 3740 feeit
720 3673 762 3727 ed.
838 3679 872 3726 24
891 3672 1011 3728 emedio
1032 3689 1086 3727 om.
1102 3672 1144 3726 ed.
1223 3677 1257 3725 26
1275 3673 1335 3727 eiua

315 3744 335 3797 L
352 3763 381 3802 ee
401 3744 428 3798 R
451 3746 510 3801 eine
533 3762 601 3800 oorr.
620 3762 635 3797 r
676 3747 682 3813 1
720 3751 839 3800 nosceret
862 3744 905 3799 ed.
1015 3748 1048 3796 27
1073 3743 1184 3798 adonin
1202 3742 1262 3797 Lit.

315 3822 347 3873 28
366 3818 433 3874 beili
451 3816 504 3871 LR
522 3832 591 3871 corr.
609 3833 632 3870 r.
