3250 4350
308 380 351 444 52
587 379 727 434 DONA'l'I
744 379 913 434 INTERPR.
931 377 1039 436 VERA.

307 548 410 625 igebat
437 566 540 622 causa3
572 547 653 624 apud
675 552 793 625 patrem
815 550 896 607 enim
917 567 977 608 non
999 547 1099 624 potuit
1122 547 1265 624 conqueri
1284 546 1315 606 de

308 636 381 714 diis,
410 637 461 696 sed
487 636 596 696 iustius
624 655 674 696 eos
700 637 842 712 pulsabat
869 637 1088 715 apudregem,
1121 637 1250 712 denique
1280 636 1316 695 sie

308 727 419 802 coepit:
442 744 460 785 o
484 725 536 801 qui
558 745 605 786 res
627 726 841 802 hominumque
859 727 1005 802 deumque
1024 729 1153 786 aeternis
1169 726 1251 803 regis
1268 725 1317 784 im·

306 815 398 890 periis
422 820 451 873 et
473 815 599 873 fulmine
621 819 724 873 terres
765 815 824 874 duo
849 820 950 873 autem
971 815 1128 891 proposuit
1151 819 1181 874 et
1205 814 1319 892 singula

308 904 433 982 singulis
461 903 555 977 dedit,
584 903 708 962 deorum
733 923 879 980 personae
903 904 1068 980 adplicavit
1090 905 1221 962 aeternis
1243 904 1348 982 regist

307 992 449 1069 imperiis,
472 992 628 1051 hominum
651 1011 721 1051 vero
745 997 775 1052 et
798 993 924 1051 fulmine
946 997 1053 1070 terres,
1080 998 1114 1051 nt
1142 993 1319 1052 auctoritate

306 1087 449 1160 rogantur
475 1081 532 1156 dii,
559 1080 693 1140 homines
720 1086 822 1141 autem
848 1082 975 1141 fulmine
1001 1086 1171 1141 terreantur
1201 1085 1232 1141 et
1254 1099 1319 1141 con·

305 1172 458 1248 pellantm·
489 1170 528 1230 ad
559 1171 789 1230 venerationem
844 1171 959 1230 interea
992 1189 1060 1229 cum
1091 1171 1164 1230 dicit
1193 1172 1320 1230 aeternis

306 1261 385 1339 regis
411 1260 560 1336 imperiis,
587 1259 664 1318 illud
686 1259 823 1338 intellegi
845 1264 957 1337 potest,
984 1262 1057 1336 qnia
1084 1261 1236 1319 contemni
1253 1279 1320 1318 vnon

306 1350 394 1408 debet
420 1353 554 1425 potestas
582 1367 658 1424 qnae
689 1353 834 1425 perpetuo
866 1353 981 1424 manet3
1017 1349 1071 1407 illa
1104 1350 1184 1407 enim
1217 1365 1351 1408 reseras

307 1439 426 1516 neglegi
439 1438 515 1497 solet
530 1456 606 1513 quae
621 1437 723 1513 aliquo
736 1437 795 1497 fine
807 1437 951 1514 temporis
967 1436 1162 1496 concluditur.
1193 1437 1319 1512 proinde

307 1529 351 1587 ait
374 1546 426 1586 cur
447 1526 572 1585 veniunt
594 1526 638 1584 dii
660 1530 763 1585 contra
786 1546 821 1585 ea
844 1545 921 1603 quae
944 1531 1013 1586 sunt
1029 1526 1118 1585 fatali
1135 1526 1202 1603 lege
1222 1526 1318 1602 dispo·

307 1614 386 1675 sita?
432 1615 504 1690 quid
526 1633 609 1674 meus
631 1615 748 1675 Aeneas
770 1617 803 1674 in
824 1620 856 1675 te
879 1619 1063 1675 committere
1089 1619 1223 1689 tautum,
1249 1613 1320 1691 quid

308 1706 399 1763 Troes
424 1702 570 1780 potuere?
615 1722 731 1781 secura,
758 1705 839 1780 quod
867 1704 1126 1764 causamdiceret
1154 1704 1318 1764 insontium

308 1793 421 1868 delicti,
450 1792 555 1851 dehinc
583 1793 675 1871 exigit
702 1812 823 1866 nomen,
852 1794 994 1869 quoniam
1020 1797 1145 1852 noverat
1168 1793 1245 1852 nihil
1268 1792 1317 1851 ad·
1332 1809 1358 1852 rr-

307 1882 423 1941 misisse
452 1881 609 1958 Troianos,
636 1886 684 1959 ut,
712 1900 780 1941 oum
807 1883 922 1940 nullum
950 1887 1027 1941 esset
1053 1884 1224 1957 inventum,
1252 1900 1319 1941 con·

309 1974 402 2030 staret
424 1971 577 2030 inmeritos
600 1971 674 2030 haec
696 1989 801 2046 passos
825 1990 887 2030 esse
909 1971 958 2030 vel
980 1971 1054 2047 pati.
1094 1971 1138 2030 ait
1157 1990 1230 2048 ergo
1250 1969 1320 2046 quid

308 2078 391 2118 meus
422 2059 554 2117 Aeneas:
590 2060 761 2136 specialiter
796 2079 904 2120 nomen
941 2060 1004 2118 cius
1041 2059 1145 2136 attigit
1181 2063 1273 2135 atque
1304 2079 1320 2117 a

309 2148 406 2225 specie
419 2147 529 2208 transit
543 2148 582 2207 ad
595 2149 825 2227 generalitatem
842 2150 966 2208 dicendo
982 2149 1054 2225 quid
1067 2149 1159 2209 Troes
1176 2145 1321 2226 potuere?

310 2237 389 2313 quod
416 2257 488 2296 vero
515 2238 559 2295 ait
584 2238 617 2295 in
643 2242 674 2297 te
701 2239 898 2312 committere,
925 2243 956 2297 tc
983 2258 1145 2315 pronomen
1173 2238 1353 2315 significatu

308 2331 338 2385 te
365 2345 466 2405 regem
494 2326 617 2385 deorum
645 2331 674 2385 ct
701 2327 867 2402 hominum,
895 2334 925 2386 te
954 2328 1006 2403 qni
1033 2329 1132 2387 omnia
1156 2328 1277 2386 habeas·
1291 2328 1321 2384 in

308 2419 465 2492 potestate,
488 2419 519 2473 te
542 2434 631 2475 avum
655 2435 749 2490 suum,
771 2421 802 2475 te
824 2418 1035 2493 promissorem
1058 2416 1177 2492 imperii
1199 2417 1271 2475 novi
1294 2419 1321 2473 et

310 2505 372 2581 spei
400 2504 532 2563 melioris
559 2509 722 2579 auctorem,
749 2509 780 2563 te
802 2525 892 2581 quem
914 2524 1015 2564 omnes
1038 2506 1081 2563 dii
1104 2506 1271 2581 suspiciunt
1294 2507 1321 2562 et

309 2591 443 2653 homines
475 2593 599 2651 fulmine
631 2594 729 2654 territi
761 2599 948 2653 venerantur.
992 2594 1072 2669 quod
1102 2593 1204 2669 posuit
1241 2610 1321 2652 meus

310 2684 435 2754 Aeneas,
458 2701 540 2740 meus
565 2702 655 2757 quam
678 2683 740 2741 vim
762 2684 810 2741 vel
835 2684 906 2758 quid
925 2683 1063 2760 ponderis
1081 2682 1192 2741 habeat
1210 2684 1244 2740 in
1263 2684 1320 2740 eri·
1333 2698 1353 2739 rs

310 2772 392 2830 denti
416 2775 461 2829 est
483 2790 578 2829 nosse.
616 2791 698 2830 meus
722 2774 801 2829 enirn
825 2773 881 2830 hoc
904 2778 960 2831 est:
983 2772 1063 2831 filius
1086 2790 1169 2829 meus
1187 2772 1320 2847 perinde-

312 2879 367 2935 que
397 2878 489 2934 nepos
521 2865 603 2934 tuus,
635 2862 703 2935 pius
732 2865 761 2919 et
789 2861 913 2920 deorum
941 2859 1073 2920 omnium
1101 2861 1204 2919 cultor.
1254 2859 1323 2935 quid

313 2950 402 3007 Troes
426 2951 545 3006 tantum
568 2946 710 3023 potuere?
755 2953 875 3008 tantum
901 2950 946 3009 bis
974 2948 1221 3027 intellegendum:
1254 2948 1323 3025 quid

311 3042 430 3097 tantum
457 3037 574 3095 Aeneas
602 3036 770 3097 commisit?
817 3038 889 3113 quid
915 3042 1033 3097 tantum
1061 3039 1152 3097 Troes
1181 3034 1323 3113 potuere?

311 3131 430 3185 tantum
453 3126 508 3183 hoc
532 3130 576 3184 est
598 3130 662 3184 tam
685 3146 784 3203 grave,
808 3133 872 3185 tam
895 3146 1046 3205 magnum,
1064 3130 1128 3185 tam
1150 3128 1272 3185 inmane
1295 3130 1356 3185 cto

312 3215 391 3291 quod
414 3218 461 3273 tot
483 3214 586 3290 poenis
610 3215 725 3290 expiari
747 3235 806 3274 non
829 3219 936 3291 possit,
964 3217 1043 3291 quod
1067 3218 1174 3274 scelere
1203 3215 1325 3275 admissi

312 3324 411 3363 arcere
431 3303 575 3362 Troianos
599 3303 706 3362 debeat
729 3304 765 3362 ab
785 3305 884 3363 Italia.
921 3308 1081 3380 propterea
1098 3308 1199 3380 posuit
1218 3305 1324 3380 quibus

384 3552 415 3599 11
435 3548 500 3600 solet
519 3544 570 3597 LR
585 3551 673 3613 potest
662 3546 734 3598 t.ed
797 3550 861 3600 aot
850 3553 875 3600 tc
890 3562 1041 3614 mononem
1059 3545 1140 3599 LRt
1129 3552 1226 3599 t.eom
1246 3546 1288 3600 ed

312 3624 344 3671 21
364 3619 446 3671 habea
465 3616 506 3670 cd.
599 3622 632 3669 22
652 3622 676 3669 te
695 3634 875 3670 coenredum
894 3634 947 3670 om
967 3616 1009 3669 ed.
1104 3622 1137 3669 26
1156 3633 1264 3671 macore
1282 3616 1324 3669 ed

364 3694 399 3741 28
419 3690 474 3742 inte
461 3688 626 3758 'ellependum
645 3694 684 3742 cat
703 3688 745 3741 ed
816 3694 847 3739 31
868 3690 940 3758 qood
958 3690 1052 3742 scelere
1070 3689 1186 3742 admissi
1202 3687 1256 3743 LR
1274 3704 1325 3757 quo

294 3759 337 3810 ed,
357 3759 455 3828 magis
472 3762 542 3813 mut
566 3760 608 3816 cd.
629 3763 704 3833 post.
