3250 4350
668 405 850 461 AENEIDOS
869 406 881 458 I
1240 408 1280 471 71

262 574 400 633 homines
426 592 526 648 nosse,
553 576 697 634 nescienti
725 594 795 653 ergo
823 576 897 635 bene
926 577 1053 635 mentita
1076 580 1130 636 est.
1177 576 1282 636 dehinc

262 663 424 739 longarum
446 683 546 722 rerum
568 663 677 739 incipit
699 665 798 724 brevis
822 668 852 725 et
875 665 1020 725 concinna
1042 666 1189 740 narratio3
1221 685 1282 725 non

262 754 345 810 enim
368 751 472 811 debuit
493 752 609 811 Aeneas
633 753 687 812 sub
710 755 826 812 incerto
849 754 963 812 diutius
986 754 1122 828 detineri,
1141 773 1208 814 cum
1226 755 1283 814 hoc

263 845 294 900 et
319 841 386 917 ipse
412 842 503 900 vellet
528 845 559 900 et
582 841 771 902 desideraret.
818 847 914 902 mater
936 843 1031 920 igitur
1053 862 1087 902 eo
1111 843 1214 903 ordine
1236 863 1282 903 re·

234 930 394 1005 espondet
416 949 475 1006 qno
497 930 694 1008 interrogatio
716 933 873 1007 proposita
895 935 948 993 est.
985 933 1030 991 eit
1052 933 1132 991 enim
1151 933 1204 992 ille
1223 953 1282 1008 quo

262 1019 319 1078 sub
344 1019 437 1093 caelo,
460 1020 568 1095 quibus
591 1020 671 1080 orbis
693 1021 725 1078 in
748 1023 817 1096 oris,
840 1020 950 1080 idcirco
973 1021 1047 1080 haec
1070 1021 1146 1080 dixit
1167 1023 1283 1082 Renico

260 1126 358 1182 regna
375 1108 464 1168 vides.
501 1109 657 1186 designato
681 1110 747 1169 loco
770 1109 845 1169 dicit
867 1129 1021 1185 personas:
1047 1111 1152 1184 Tyrios
1174 1112 1282 1186 inquit,

262 1197 385 1257 addidit
413 1195 560 1271 Agenoris
590 1201 705 1267 arbem,
737 1202 773 1258 ut
804 1201 896 1258 etiam
928 1200 1088 1273 superioris
1108 1199 1283 1258 ‚conditoris

261 1305 375 1345 nomen
399 1287 576 1346 ostenderet.
612 1290 663 1347 sed
685 1290 760 1361 [ines
781 1289 901 1362 Libyci:
923 1289 987 1347 illic
1009 1291 1089 1347 enim
1112 1292 1284 1347 occurrente

220 1398 247 1437 ro
261 1376 374 1454 pelago
397 1375 518 1435 Africae
545 1378 666 1436 termini
694 1396 729 1435 ex
755 1397 816 1436 uno
843 1378 937 1436 latere
960 1377 1147 1436 clauduntur.
1190 1395 1283 1451 penus

261 1465 465 1538 reeuperobce
491 1466 577 1525 bello:
608 1466 785 1525 meminerat
812 1467 892 1525 enim
914 1466 1066 1544 Vergilius
1093 1486 1124 1526 se
1152 1485 1187 1525 ex
1216 1486 1282 1543 per-

261 1572 340 1614 sona
354 1572 409 1612 sna
421 1553 530 1614 dixisse
540 1545 612 1636 (14)
623 1556 807 1631 „studiisque
821 1558 985 1631 aspenime
998 1554 1096 1615 belli“.
1119 1556 1168 1614 hic
1180 1559 1283 1614 tamen

261 1663 325 1702 non
349 1646 396 1702 est
417 1643 558 1719 repetitio
582 1644 713 1702 eiusdem
730 1645 783 1719 rei,
803 1647 945 1719 quoniam
964 1648 994 1703 et
1012 1644 1071 1702 dici
1089 1663 1206 1704 necesse
1224 1645 1284 1703 fuit

263 1737 296 1791 et
325 1752 361 1791 ex
385 1732 509 1791 alterius
530 1751 659 1809 persona
681 1752 759 1793 nunc
782 1733 896 1792 dictum
919 1737 972 1793 est.
1016 1735 1172 1807 imperium
1194 1735 1336 1792 Didoero

219 1844 247 1884 1⁵
266 1822 360 1897 Tyrio
387 1823 462 1896 repit
486 1824 560 1881 arbe
580 1824 731 1896 profecta·
762 1822 819 1881 hac
847 1825 987 1900 angustie
1009 1823 1167 1882 verborum
1190 1841 1283 1898 quan·

262 1915 329 1969 tam
347 1911 541 1970 latitudinem
559 1912 672 1971 tenuitl
707 1913 851 1987 conplexa
874 1915 920 1970 est
943 1911 1023 1970 enim
1045 1930 1186 1988 praesens
1208 1916 1283 1970 tem-

262 2018 321 2075 pus
346 2002 377 2058 et
399 2002 596 2076 praeteritum
619 2001 743 2062 dicendo
766 2001 821 2059 ubi
843 2002 883 2060 sit
903 2004 933 2059 et
951 2000 1029 2059 unde
1048 2002 1171 2060 venerit.
1208 2001 1285 2058 dixit

264 2107 344 2164 (puae
361 2093 520 2148 vocaretur
538 2094 568 2149 et
587 2090 658 2166 quid
677 2093 780 2169 ageret
799 2108 876 2166 quae
895 2091 959 2148 illic
977 2090 1100 2148 tenebat
1116 2090 1283 2165 imperium.

265 2178 426 2254 conpendii
449 2181 550 2239 autem
573 2199 671 2254 causa,
694 2200 731 2239 ne
753 2180 1039 2258 interrogationibus
1061 2184 1092 2238 et
1117 2181 1284 2255 responsio·

226 2288 252 2328 ao
265 2267 354 2327 uibus
377 2268 445 2343 plus
472 2287 561 2344 quam
584 2288 702 2329 necesse
729 2271 829 2327 fuerat
855 2272 986 2328 tererent
1012 2272 1130 2345 tempus
1158 2272 1188 2327 et
1215 2288 1282 2343 pro-

265 2357 359 2415 lixum
382 2356 468 2415 fieret
490 2357 570 2433 quod
591 2361 710 2418 maturo
733 2357 837 2417 debuit
858 2358 916 2417 fine
941 2358 1085 2433 concludi,
1104 2359 1171 2433 ipsa
1188 2359 1283 2415 omni-

267 2445 321 2504 bus
345 2465 423 2521 quae
446 2447 580 2521 perquiri
603 2466 657 2522 per
674 2447 943 2525 interrogationem
959 2450 1100 2522 poterant
1118 2446 1283 2522 conpendio

271 2534 400 2594 faciliore
423 2534 591 2610 respondet.
629 2554 698 2614 ergo
722 2536 799 2594 dixit
821 2536 979 2612 imperium
998 2536 1076 2595 Dido
1095 2536 1188 2611 Tyrio
1205 2535 1301 2613 regit·

272 2622 341 2681 urbe
364 2624 498 2698 profecta
521 2628 559 2699 et,
575 2625 655 2700 onia
677 2625 779 2700 potuit
802 2626 908 2700 quaeri
930 2644 1033 2700 causo,
1057 2644 1117 2699 qua
1139 2625 1283 2699 conpulsa

245 2715 316 2770 nest
340 2713 507 2788 relinquero
535 2732 602 2772 earn
628 2712 727 2774 sedem
754 2715 787 2773 in
816 2733 876 2789 qua
900 2715 959 2774 fuit
981 2717 1012 2772 et
1035 2715 1144 2773 sectari
1166 2714 1283 2791 longin-

279 2819 372 2877 quam,
405 2800 485 2876 quod
517 2802 616 2862 fueret
647 2823 702 2878 pro
735 2822 820 2863 sexus
853 2804 973 2863 feminei
1005 2804 1122 2863 ratione
1152 2802 1283 2875 difficile,

282 2888 405 2949 adiunxit
425 2908 600 2964 permenam
621 2895 746 2966 sopiens.
792 2893 849 2951 hoc
872 2912 990 2968 quoque
1014 2894 1085 2967 quia
1108 2894 1167 2950 fuit
1189 2892 1283 2949 inore·

218 3015 223 3058 ὲ
283 2975 371 3055 dibile,
399 2984 518 3038 tantam
545 2981 725 3040 intervenire
752 2983 885 3057 potuisse
909 3000 1029 3040 causam
1053 3000 1129 3055 quae
1152 2998 1284 3039 sororem

219 3057 224 3138 s
285 3072 387 3143 cogeret
414 3069 489 3129 dura
517 3073 626 3131 sectari
648 3071 813 3149 fugientem
838 3071 951 3129 scilicet
974 3088 1042 3127 eum
1065 3088 1083 3127 a
1107 3088 1164 3144 quo
1189 3069 1284 3128 amari

218 3154 223 3230 ]
262 3151 424 3233 edebuerat,
461 3159 537 3219 dixit
568 3162 655 3237 longo
688 3164 729 3219 est
758 3161 886 3226 iniuria,
918 3159 1020 3231 {eecce
1051 3160 1200 3231 ambages,
1233 3159 1284 3216 sed

218 3241 220 3314 [
287 3256 383 3306 &umora
405 3266 513 3323 sequar
530 3252 650 3325 uestigio
668 3268 776 3308 rerum.
817 3267 852 3306 ea
870 3248 1005 3322 positma
1024 3250 1070 3306 est
1088 3266 1165 3323 quae
1184 3249 1285 3306 fuerat

289 3327 393 3411 dictura,
416 3339 468 3397 sed
490 3338 617 3397 artificio
640 3339 791 3397 narrantis
809 3334 907 3395 multa
926 3354 988 3396 sese
1006 3336 1284 3412 praetermissuram

218 3563 219 3567 ,
346 3514 358 3559 1
376 3524 482 3561 macore
501 3506 544 3561 ed.
619 3512 634 3559 3
653 3507 747 3561 &buit
764 3510 904 3575 transpos.
925 3507 1033 3560 Aeneas
1051 3522 1105 3559 om.
1120 3505 1164 3560 ed.
1190 3508 1194 3573 Ι
1219 3506 1285 3560 baec

291 3570 322 3623 td·
386 3578 494 3632 edicit
512 3577 564 3630 LR
582 3578 650 3632 dicit
667 3578 710 3630 ed.
785 3583 868 3647 iper
882 3594 1016 3646 pesonae
1034 3577 1077 3631 ed.
1156 3581 1190 3629 10
1208 3577 1284 3631 clau·

291 3638 351 3699 dee
363 3648 403 3701 ed.
457 3653 491 3701 23
505 3648 646 3717 respondit
659 3648 702 3701 ed.
758 3653 792 3701 24
806 3650 874 3716 quio
888 3665 942 3702 om.
953 3649 996 3702 ed.
1048 3653 1082 3702 26
1098 3648 1290 3716 femininied.

345 3722 375 3771 29
393 3725 514 3789 coeperat
531 3719 572 3772 ed,
603 3721 611 3786 l
642 3720 737 3773 amari
751 3720 884 3778 debuerat
902 3720 956 3777 LR
975 3722 1002 3778 d.
1022 3721 1161 3780 adiuvari
1180 3719 1230 3775 ed.

291 3782 316 3831 ³2
326 3790 429 3856 recem
442 3788 498 3839 LE
510 3790 632 3858 firstrfpcir
647 3790 678 3843 iu
697 3808 786 3865 marg.
809 3814 832 3851 r.
