3250 4350
349 438 412 500 158
626 433 767 489 DONATI
784 433 953 488 INTERPR.
972 433 1079 488 VERG.

348 624 432 664 suam
454 604 626 680 plenissime
650 602 876 662 demonstraret.
912 603 969 661 hoe
991 604 1167 679 argumento
1192 600 1273 677 quod
1296 619 1360 660 sua·

347 692 437 752 debat
468 693 608 768 inplevit,
639 695 674 750 ut
706 692 831 750 Troiani
862 691 1016 750 crederent
1047 689 1164 766 reliqna
1195 709 1267 750 vera
1301 709 1361 749 esso

347 782 504 841 dicturum.
549 781 657 857 incipit
680 799 784 840 causas
807 779 961 839 ostendere
987 781 1161 839 cessationis
1189 798 1261 838 suae
1289 771 1360 859 (non

347 871 427 930 enim
449 889 576 930 vacuum
599 870 659 929 fuit
681 874 717 928 ut
738 868 945 928 recedentibus
969 868 1105 928 omnibus
1128 866 1252 928 Graecis
1281 868 1359 927 solus

346 963 410 1036 ipse
441 962 503 1020 sine
537 960 639 1035 aliqua
670 961 786 1018 ratione
819 950 991 1038 mansisset)
1024 960 1055 1016 et
1086 957 1124 1016 ad
1156 957 1234 1015 hane
1264 959 1390 1033 ipsams

345 1053 462 1125 partem
490 1049 572 1107 ducit
600 1068 635 1107 ex
658 1047 720 1106 alto
744 1048 938 1124 principium,
960 1049 993 1104 in
1016 1065 1076 1123 quo
1100 1046 1163 1106 siue
1187 1045 1277 1105 dubio
1304 1046 1360 1104 fuit

346 1138 450 1197 fabula
478 1137 614 1197 omnibus
642 1139 714 1196 nota
741 1135 925 1212 perindeque
947 1155 1027 1197 vera
1073 1135 1125 1194 sed
1147 1135 1203 1194 hae
1226 1137 1360 1210 exposita

346 1230 378 1286 in
409 1229 508 1303 prima
539 1230 625 1302 parte
658 1224 811 1284 subiunxit
842 1225 934 1299 falsa,
966 1244 1025 1301 quo
1058 1223 1146 1283 facile
1174 1223 1253 1282 illud
1281 1223 1359 1298 quod

347 1319 502 1392 conposito
526 1314 727 1374 mentiebatur
748 1314 830 1373 credi
852 1314 1007 1390 potuisset.
1043 1314 1147 1389 itaque
1171 1315 1359 1390 coniungitur

346 1405 439 1477 fondo
473 1404 594 1478 aliquod
629 1405 656 1462 si
690 1405 765 1476 forle
787 1407 855 1462 luas
883 1404 1018 1477 pervenit
1048 1404 1089 1460 od
1120 1405 1206 1461 auris
1237 1401 1359 1461 Belidae
1371 1422 1389 1460 n

346 1511 450 1552 nomen
472 1492 641 1552 Palamedis
667 1497 694 1552 et
719 1493 820 1550 inclito
847 1493 931 1564 furna
956 1493 1065 1566 pluria,
1093 1509 1177 1566 quem
1203 1491 1287 1563 falsa
1308 1492 1358 1550 stri

341 1583 507 1655 proditione
529 1582 646 1655 Pelosqi
667 1583 809 1640 insontem
832 1582 957 1654 infundo
978 1582 1095 1648 indicio,
1119 1581 1189 1654 quia
1213 1579 1290 1640 bello
1316 1597 1358 1638 ce·

293 1676 328 1725 85
347 1673 435 1738 lobni,
456 1671 594 1729 demisere
611 1673 681 1737 neci,
701 1688 779 1728 nune
797 1688 914 1728 cessum
931 1671 1041 1728 lumine
1059 1670 1170 1743 lupuli:
1191 1667 1358 1727 Palamedis

346 1779 418 1819 vera
441 1760 499 1817 fuit
517 1758 635 1833 fabula3
658 1777 728 1819 nam
745 1761 826 1817 inter
843 1761 942 1834 ipsum
962 1761 992 1817 et
1010 1757 1119 1816 Ulixen
1137 1762 1244 1835 graves
1262 1757 1358 1816 inimi·

347 1851 435 1907 citiae
460 1849 629 1924 extiterant,
647 1866 743 1922 usqne
766 1850 855 1906 cont
873 1848 1056 1925 argumentis
1074 1846 1173 1906 Ulixis
1190 1847 1358 1922 velut-pro—
1370 1865 1390 1905 a

347 1937 474 1996 ditorem
497 1940 612 1997 constet
635 1938 766 1997 occisum
789 1955 825 1995 ea
847 1937 896 1996 vel
919 1939 1047 1995 maxime
1070 1938 1255 2010 coniectura,
1283 1935 1359 2012 quod

348 2025 475 2085 Graecos
498 2029 652 2084 revocaret
675 2024 713 2083 ab
736 2024 857 2084 adfectu
879 2025 1012 2084 bellandi
1035 2027 1119 2084 etin
1142 2026 1275 2084 tentorio
1300 2026 1359 2083 eius

347 2119 424 2174 esset
451 2117 607 2174 inventum
640 2134 759 2189 aurum,
787 2115 866 2191 quod
891 2114 1015 2174 eundem
1037 2113 1146 2172 Ulixen
1169 2114 1271 2172 fenmt
1295 2133 1359 2190 sup·

346 2204 490 2280 posuisse.
521 2205 577 2263 hoc
596 2224 666 2281 ergo
685 2204 766 2280 quod
784 2206 883 2263 fuerat
902 2224 1004 2262 verum
1023 2204 1059 2261 de
1078 2202 1247 2262 Palamedis
1267 2208 1361 2264 morte

347 2294 428 2352 dedit
451 2296 636 2353 occasionem
659 2294 837 2366 mentiendi,
860 2298 894 2351 ut
917 2293 1028 2351 diceret
1050 2293 1095 2350 illi
1117 2311 1162 2350 une
1184 2294 1316 2351 comitem
1339 2298 1396 2351 etro

347 2385 595 2456 consauquiniioie
617 2384 818 2455 propinquum
839 2400 957 2454 pauper
984 2384 1017 2439 iu
1044 2400 1130 2439 arnna
1148 2386 1236 2454 poter
1253 2384 1363 2454 prinus

346 2474 401 2531 leuc
422 2474 502 2530 misit
524 2473 560 2530 ab
580 2474 675 2530 annis,
711 2471 781 2528 dum
802 2472 900 2529 stabul
921 2488 1009 2543 reque
1031 2471 1183 2529 incolumis
1206 2488 1364 2544 reptentque

294 2568 327 2613 90
346 2563 458 2634 eiqebot
480 2562 617 2626 conciliis,
641 2558 686 2634 [et
707 2577 760 2618 nos
783 2560 903 2633 aliquod
925 2576 1084 2632 nomenque
1106 2560 1250 2635 decusque
1271 2563 1361 2633 pessi-

346 2648 437 2724 mus]
481 2652 580 2725 pater,
612 2650 726 2723 inquit,
758 2668 841 2707 meus
872 2668 907 2706 ex
934 2668 970 2706 ea
998 2667 1088 2707 causa
1116 2647 1196 2724 quod
1224 2653 1305 2707 esset
1332 2651 1363 2707 in

346 2758 430 2797 arma
452 2758 567 2813 pauper
588 2738 644 2795 hoc
668 2742 712 2795 est
735 2737 855 2795 inbellis
879 2740 987 2796 aetatis
1012 2740 1103 2812 atque
1123 2757 1159 2795 ea
1177 2739 1363 2814 contempla·
1378 2759 1402 2798 a

345 2830 426 2885 tione
454 2828 533 2901 quod
557 2826 711 2884 Palamedi
739 2830 817 2885 esset
845 2826 951 2885 adfinis
980 2846 1027 2884 me
1056 2826 1084 2883 ei
1112 2828 1226 2885 socium
1250 2829 1365 2901 iunxit3

346 2916 534 2974 deferebatur
562 2917 640 2973 enim
668 2914 748 2989 patri
773 2934 852 2989 mec,
881 2918 953 2990 quia
975 2916 1007 2972 in
1029 2935 1152 2973 numero
1175 2936 1281 2992 regum
1304 2918 1365 2975 fuit

347 3010 376 3062 et
403 3005 565 3080 plurimum
592 3006 698 3080 viguit.
744 3004 818 3062 haec
846 3004 989 3063 nobilitas
1016 3005 1133 3080 generis
1158 3003 1270 3063 idcireo
1295 3024 1365 3064 eon·

345 3096 444 3168 posita
467 3099 519 3167 est,
543 3097 577 3151 ut
600 3092 796 3151 Troianorum
820 3092 1052 3151 misericordiam
1079 3093 1114 3149 de
1138 3095 1305 3167 praeterita
1333 3101 1365 3153 et

345 3185 495 3258 praesenti
517 3184 638 3239 fortuna
661 3187 838 3256 provocaret
861 3181 898 3240 ad
923 3183 1090 3254 lenitatem3
1114 3182 1183 3257 plus
1207 3185 1288 3241 enim
1312 3184 1364 3242 do·
1380 3206 1403 3244 ao

419 3387 624 3440 breellum-sisset
643 3386 685 3439 cd.
749 3387 865 3440 dduuil
884 3387 926 3440 ed.
988 3388 1087 3440 lbeee
1104 3387 1129 3439 R
1147 3388 1199 3441 hoe
1217 3405 1230 3439 r
1245 3415 1281 3433 =
1296 3389 1325 3441 L.

347 3463 362 3509 9
382 3458 559 3527 euiiunpuur
577 3457 629 3509 LR
646 3458 826 3527 subiunpilur
843 3475 864 3509 r.
922 3462 954 3511 10
974 3459 1087 3525 aliquod
1105 3458 1126 3509 L
1146 3459 1257 3526 aliquid
1275 3460 1300 3511 R
1318 3461 1364 3514 ed

401 3531 432 3581 17
453 3529 547 3594 effectu
566 3548 586 3581 r.
680 3534 712 3582 18
731 3545 785 3583 eece
803 3528 855 3580 LR
874 3536 938 3582 esset
956 3547 970 3580 r
988 3530 1031 3583 ed.
1063 3530 1066 3600 l
1101 3531 1242 3583 inuentum
1261 3549 1365 3585 amum

347 3599 398 3650 LR
417 3617 516 3653 crurum
535 3602 590 3653 ino.
609 3617 630 3651 r.
705 3605 738 3652 19
757 3617 820 3669 erqo
838 3600 859 3652 L
877 3617 940 3653 oeno
958 3600 983 3651 R
1001 3619 1015 3652 r
1030 3627 1063 3645 =
1077 3600 1107 3653 L.
1182 3606 1215 3653 22
1234 3618 1364 3671 aequum—

347 3687 397 3736 que
415 3671 457 3722 ed.
545 3676 579 3723 23
598 3672 720 3725 consiliis
738 3671 780 3724 ed.
811 3675 815 3739 Ι
850 3672 1058 3741 et-qessimus
1076 3672 1156 3725 deest
1174 3672 1205 3723 in
1222 3670 1290 3741 LR,
1313 3674 1365 3726 sed

346 3740 503 3867 “pfhoe'dm
525 3758 575 3809 per
598 3743 775 3808 deferebatur.
867 3747 901 3795 30
922 3744 1029 3810 plus—
1041 3743 1167 3797 dounrur
1185 3742 1238 3795 La
1256 3746 1365 3799 temere

337 3829 408 3866 mu.
431 3828 473 3867 e.
