3250 4350
683 417 896 477 PRAEFATIO
1016 477 1020 484 p
1198 418 1303 473 XXVII

279 587 350 647 dem
377 587 510 647 codicem
536 588 732 664 archetypum
760 591 790 646 et
815 586 946 662 priorem
969 591 999 647 et
1021 589 1218 663 posteriorem
1241 587 1301 646 Do·

279 676 347 735 nati
378 679 497 752 partem
529 677 710 736 continuisse
742 676 824 735 haud
856 678 966 736 temere
996 679 1130 736 statuere
1157 677 1301 736 videmur.

279 787 347 825 eum
372 767 405 824 et
426 765 596 825 litterarum
620 784 726 842 genere
750 768 780 824 et
803 766 906 825 crebro
931 765 1174 843 compendiorum
1197 785 1252 826 usu
1272 768 1303 824 et

280 855 430 913 truncatis
452 855 551 914 verbis
575 846 626 934 (of.
647 856 675 928 3,
691 856 765 914 497.
791 858 842 929 10,
858 847 937 936 231)
960 855 1053 930 paulo
1080 855 1301 930 impeditiorem

282 944 320 1002 ad
352 942 512 1021 legendum
543 944 634 1002 fuisse
666 963 777 1021 magna
809 946 1012 1003 communium
1048 963 1182 1004 errorum
1215 945 1302 1003 docet

283 1035 377 1109 copia
401 1065 447 1073 —
475 1030 694 1108 Oorreotorum,
721 1034 933 1109 praeterquam
961 1034 1041 1108 quod
1067 1033 1209 1092 librarius
1236 1036 1301 1109 ipse

280 1125 377 1181 semet
408 1140 497 1198 saepe
527 1124 668 1197 correxit,
700 1124 844 1197 quattimr
875 1141 981 1180 manus
1013 1123 1142 1182 discerni
1168 1125 1301 1199 possunt.

283 1230 411 1287 quorum
442 1213 578 1285 tertium,
615 1213 667 1286 qui
698 1230 821 1286 perraro
852 1211 994 1285 occurrit,
1026 1212 1138 1270 saeculi
1165 1211 1240 1269 XIII
1272 1213 1302 1270 et

282 1303 425 1376 quartum
456 1300 689 1376 frequentiorem
721 1300 834 1360 saeculi
856 1299 928 1358 XIV
959 1306 994 1358 ut
1026 1300 1139 1360 nullius
1167 1301 1206 1359 ad
1233 1318 1302 1359 oon-

279 1389 467 1449 stituendam
489 1389 647 1449 lectionem
669 1389 759 1466 pretii
782 1388 840 1448 nisi
863 1391 966 1464 paucis
984 1390 1058 1448 loeis
1077 1409 1137 1448 non
1155 1389 1302 1449 curandos

281 1479 390 1554 putavi
418 1477 504 1556 signo
532 1478 666 1537 adhibito
689 1473 730 1536 r''.
776 1481 809 1536 at
831 1479 945 1553 primus
969 1481 999 1536 et
1026 1479 1184 1554 secundus,
1214 1499 1302 1555 quem

277 1567 474 1626 subsecutum
507 1585 570 1627 esse
601 1567 669 1626 inde
702 1569 841 1643 apparet,
879 1567 960 1642 quod
991 1568 1140 1643 quaedam
1173 1587 1191 1626 a
1222 1569 1301 1627 socio

283 1658 419 1714 oomecta
442 1657 594 1728 retractat,
618 1656 655 1714 ad
678 1656 891 1715 recensendum
911 1658 1028 1715 textum
1047 1657 1202 1735 egregium
1220 1656 1302 1715 auxi·

282 1745 358 1804 lium
385 1747 549 1820 praestant.
594 1747 694 1804 aetate
722 1763 773 1804 eos
800 1745 924 1804 librario
952 1746 1012 1820 ipsi
1039 1747 1179 1821 aequales
1209 1747 1302 1804 luisse

280 1834 455 1893 litterarum
483 1836 514 1892 et
541 1833 726 1892 minusculae
752 1834 866 1893 formae
890 1837 920 1892 et
942 1833 1095 1894 immixtae
1118 1835 1301 1894 maiusculae

278 1921 403 1997 docent,
432 1925 562 1998 suntque
589 1942 649 1981 non
672 1924 762 1999 pauci
784 1923 844 1980 loci
866 1922 919 1981 ubi
942 1925 1044 1981 utrum
1066 1925 1093 1982 R
1115 1925 1180 2000 ipse
1203 1942 1243 1981 an
1266 1923 1302 1983 de

280 2012 399 2072 duobus
423 2013 500 2071 alter
523 2013 736 2071 correctionem
758 2012 865 2070 fecerit
887 2011 1017 2071 discerni
1034 2032 1094 2071 non
1111 2012 1215 2088 possit.
1250 2012 1302 2072 sed

279 2100 406 2181 gravius
439 2104 484 2161 est
516 2101 596 2177 quod
628 2102 704 2160 alter
736 2100 773 2159 ab
807 2101 902 2159 altero
934 2102 1022 2179 longe
1053 2101 1192 2178 plurimis
1228 2103 1301 2161 locis

281 2191 420 2268 dignosci
452 2193 564 2267 nequit.
620 2210 711 2266 quare
744 2210 846 2250 eorum
879 2190 1088 2250 adnotationes
1125 2192 1302 2268 plerumque

281 2282 436 2340 communi
462 2280 547 2359 signo
570 2300 585 2337 r
612 2280 743 2339 indicare
771 2283 845 2339 satis
867 2281 960 2340 habui
982 2280 1144 2355 eodemque
1167 2281 1219 2340 ubi
1241 2282 1302 2357 pri-

280 2388 349 2427 mus
373 2371 459 2428 iuxta
481 2369 642 2429 secundum
664 2368 863 2428 nominandus
887 2374 953 2428 erat
974 2371 1119 2445 primum,
1146 2375 1178 2428 at
1200 2388 1302 2429 secun-

280 2458 356 2516 dum
388 2458 473 2536 signo
499 2454 529 2516 r'
556 2458 669 2518 notavi.
715 2458 884 2534 corrigendi
915 2458 1047 2516 officium
1079 2463 1204 2533 uterque
1235 2478 1302 2516 cum

281 2546 396 2606 iudicio
424 2549 456 2606 et
480 2547 637 2625 diligentia
660 2549 804 2620 exercuit,
832 2547 883 2605 sed
905 2548 988 2622 prior
1010 2548 1147 2606 timidius
1170 2550 1201 2606 et
1224 2550 1302 2606 circa

281 2637 491 2695 manifestiora
523 2637 614 2695 ferme
646 2636 786 2696 residens.
833 2636 928 2695 multo
959 2638 1061 2711 potior
1088 2637 1165 2695 alter
1192 2639 1238 2695 est
1264 2627 1302 2709 r‘‚

281 2726 373 2785 homo
396 2726 554 2801 perspicax
577 2729 608 2784 et
632 2726 739 2800 quiin
761 2725 948 2784 intellectum
970 2727 1186 2785 sententiarum
1213 2744 1301 2802 pene-

282 2816 357 2888 tret,
385 2814 485 2872 audax
509 2815 541 2874 in
565 2816 742 2874 coniecturis
767 2817 857 2889 atque
880 2813 973 2872 etiam
994 2815 1048 2874 ubi
1071 2818 1150 2873 errat
1172 2815 1301 2890 plerum·

281 2922 342 2978 que
365 2922 426 2962 non
450 2902 594 2962 absurdus
617 2904 653 2962 cf.
671 2905 699 2976 5,
715 2904 756 2960 48
776 2902 1001 2978 „mcritasque“.
1036 2904 1192 2977 utriusque
1210 2922 1302 2961 manu

283 2990 425 3067 suppleta
442 2994 635 3050 inveniuntur
654 3011 731 3067 quae
749 2992 932 3051 librariusR
951 2992 1061 3066 omisit,
1075 2991 1127 3052 sed
1145 2991 1301 3068 aliquanto

281 3082 386 3156 potior
412 3079 469 3139 hac
497 3100 613 3156 quoque
641 3082 674 3138 in
700 3100 733 3139 re
760 3082 884 3139 secundi
906 3082 1079 3139 correctoris
1102 3099 1173 3139 cura
1196 3083 1241 3139 est
1265 3083 1302 3140 of.

285 3172 314 3243 1,
334 3170 408 3228 233.
441 3171 470 3237 2,
490 3170 563 3229 300.
594 3171 667 3227 446.
700 3173 728 3243 3,
748 3171 822 3227 443.
855 3171 928 3227 628.
958 3171 986 3243 5,
1006 3170 1079 3227 262.
1110 3172 1183 3227 277.
1228 3169 1302 3228 haec

283 3257 495 3334 supplementa
526 3276 593 3316 cum
624 3259 685 3317 fere
717 3258 829 3334 ubique
858 3276 925 3316 oum
951 3256 1153 3318 Laurentiano
1181 3278 1302 3318 consen·

283 3349 376 3420 tiant,
408 3365 527 3407 necesse
557 3351 601 3406 est
629 3366 666 3405 ea
692 3349 745 3406 aut
773 3368 808 3406 ex
836 3348 998 3423 archetypo
1026 3350 1177 3407 communi
1204 3352 1260 3407 aut
1288 3369 1303 3408 e

284 3434 489 3495 Laurentiano
520 3436 616 3511 petita
648 3454 719 3495 esse.
766 3439 853 3512 atqui
884 3437 942 3497 duo
975 3439 1078 3495 extant
1106 3438 1165 3497 loci
1192 3437 1303 3513 quibus

284 3524 508 3583 Laurentianus
533 3544 650 3599 quoque
674 3526 777 3584 eadem
801 3528 903 3585 omisit
921 3526 959 3583 ad
977 3527 1163 3585 intellectum
1182 3528 1302 3588 omnino

284 3615 452 3673 necessaria
475 3616 506 3672 et
528 3616 607 3673 certe
631 3614 768 3691 genuina,
795 3619 822 3689 1,
839 3616 902 3672 244
927 3617 957 3672 ct
981 3618 1009 3689 2,
1024 3617 1075 3674 65.
1117 3615 1189 3691 quid
1211 3613 1303 3693 ergo?

286 3722 319 3760 ex
342 3703 507 3778 archetypo
530 3704 604 3763 haee
625 3704 763 3777 suppleta
787 3722 850 3763 esse
873 3704 1071 3767 statuendum
1096 3710 1146 3770 est
1171 3707 1319 3787 proinde·

286 3810 340 3863 pro
364 3791 434 3847 aliis
457 3808 574 3861 quoqne
597 3790 673 3849 Iocis
701 3792 776 3853 bene
805 3802 947 3862 correcta
975 3801 1019 3863 ad
1041 3801 1218 3882 archetypi
1239 3800 1344 3861 iidem
1410 3780 1418 3794 Α
