3250 4350
701 414 884 471 nunmoos
903 415 943 469 vr
1266 414 1331 480 567

314 584 396 660 apud
409 584 521 643 inferos
535 587 644 659 posset,
668 585 810 659 quoniam
829 585 894 643 illic
912 583 1040 662 degebat
1054 585 1217 660 eademque
1231 585 1332 659 loque·

314 673 411 731 batur.
454 674 479 732 si
499 692 558 749 qua
576 673 657 747 fides,
680 674 788 750 inquit,
812 674 954 749 quoniam
973 673 1124 733 nesciebat
1143 673 1221 749 quod
1241 691 1333 752 genus

312 761 510 821 iurisiurandi
528 762 608 837 apud
626 763 737 821 inferos
756 761 924 836 haberetur,
947 761 1048 837 posuit
1066 763 1235 840 generalem
1253 764 1333 820 iura·

315 853 429 909 tionem
443 850 543 910 dicens
557 852 624 910 iuro
643 870 696 927 per
713 851 811 926 fidem,
830 851 856 910 si
874 870 936 927 qua
953 852 985 908 in
998 851 1046 910 his
1065 853 1137 910 locis
1152 858 1206 910 aut
1224 851 1333 912 colitur

286 943 370 999 saut
391 941 522 998 timetur.
568 942 687 1010 cicuitus,
709 942 826 1014 regina,
854 944 903 999 tuo
925 941 961 998 dc
983 939 1067 1000 litore
1089 941 1175 999 cessi:
1201 959 1261 998 non
1283 943 1388 1015 talto

315 1029 425 1105 inquit,
447 1029 521 1106 fugi,
545 1025 597 1088 sed
619 1030 771 1104 potiorum
788 1029 969 1090 iussionibus
988 1029 1071 1088 cessi.
1114 1030 1193 1105 quod
1212 1028 1256 1088 ait
1276 1023 1332 1089 ¹tuo

316 1118 352 1176 de
375 1118 477 1192 litore,
500 1118 556 1177 hoo
579 1120 645 1177 vult
671 1118 822 1196 intellegi,
849 1122 884 1177 ut
906 1118 1019 1178 relictis
1047 1118 1184 1177 litoribus
1209 1117 1333 1177 Gartha-

316 1207 395 1285 ginis
428 1207 494 1283 ipsa
525 1199 626 1266 tamen
654 1207 732 1266 Dido
766 1209 874 1267 animis
901 1207 1020 1267 Aeneae
1052 1210 1203 1266 teneretur
1233 1206 1333 1266 infixa.

315 1296 366 1355 scd
388 1313 435 1354 mc
456 1298 540 1356 c'usso
563 1296 662 1364 deum,
690 1314 765 1371 quoe
786 1314 866 1356 cccc
891 1298 946 1355 bus
975 1299 1019 1356 c‘rc
1040 1314 1098 1370 per
1118 1296 1254 1364 umbros,
1276 1313 1334 1369 per

274 1404 302 1444 ιο
316 1386 379 1444 loco
402 1389 485 1444 scoto
507 1387 568 1445 situ
589 1390 694 1459 coguut
714 1390 879 1459 noctemque
896 1386 1082 1460 profectuoso
1104 1386 1235 1458 imperiis
1254 1400 1334 1458 epe-c

316 1476 387 1541 sors,
411 1492 463 1533 occ
486 1474 602 1533 creden
624 1476 704 1547 quivi
726 1476 803 1534 bunc
826 1477 940 1534 unum
962 1475 1014 1534 tibi
1035 1490 1081 1533 ccc
1106 1474 1235 1534 discessu
1256 1476 1334 1547 ferro
1360 1500 1364 1506 ·

316 1563 458 1622 dolorem:
485 1566 627 1639 quoniam
649 1566 769 1640 poterat
791 1563 864 1623 fides
888 1565 981 1623 etiam
1004 1564 1117 1623 iuranti
1139 1582 1199 1622 non
1221 1562 1334 1637 haberi,

316 1653 364 1711 vel
387 1651 515 1711 maxime
539 1654 567 1712 ei
589 1652 641 1729 qui
665 1653 748 1729 apud
766 1655 888 1729 superos
906 1653 1036 1728 perfidus
1056 1653 1212 1727 extitisset,
1234 1671 1334 1728 sump-

316 1744 381 1799 tum
400 1759 418 1798 a
436 1742 502 1801 loco
522 1744 552 1800 et
570 1744 704 1818 tempore
722 1743 826 1818 rapuit
843 1746 1063 1819 argumentum,
1088 1761 1145 1818 quo
1165 1741 1335 1802 ostenderet

274 1848 301 1888 rs
316 1848 347 1889 se
376 1831 551 1906 conpulsum
581 1830 704 1889 deorum
730 1832 819 1890 iussis
849 1829 1061 1908 Carthaginem
1088 1831 1252 1907 reliquisse.
1299 1833 1334 1888 ut

316 1921 402 1992 scias,
425 1920 533 1995 inquit,
556 1939 604 1978 me
626 1921 739 1978 maiore
757 1921 789 1979 vi
811 1919 872 1979 tuis
895 1921 983 1978 terris
1007 1920 1167 1994 exclusum,
1191 1939 1225 1977 ex
1248 1937 1334 1994 prae·

316 2008 450 2067 sentibus
468 2007 576 2084 proba3
600 2027 659 2068 non
679 2010 758 2067 enim
777 2008 816 2068 ad
834 2008 888 2066 has
905 2008 1044 2067 tenebras
1063 2012 1094 2067 et
1106 2008 1173 2066 loca
1186 2007 1334 2067 horrenda

316 2096 412 2156 libens
437 2100 491 2156 aut
514 2098 670 2157 voluntate
699 2097 850 2171 descendi,
879 2098 939 2174 ipsi
961 2099 1033 2156 sunt
1060 2101 1194 2156 auctores
1222 2097 1334 2156 laboris

315 2188 404 2246 istius
423 2188 476 2263 qui
496 2188 618 2246 fuerunt
641 2187 761 2262 dudum,
780 2206 848 2247 oum
870 2188 983 2248 invitus
1007 2186 1195 2247 abstraherer
1218 2206 1236 2245 a
1259 2185 1334 2245 sedi-

272 2294 302 2333 so
315 2276 372 2335 bus
396 2278 471 2350 tuis,
495 2276 663 2352 quodcum
686 2276 782 2351 fieret,
811 2278 969 2336 aestimare
996 2296 1056 2336 non
1083 2275 1168 2352 potui
1197 2275 1233 2332 ad
1261 2276 1335 2333 haec

316 2368 346 2424 te
375 2382 437 2425 esse
460 2369 618 2424 venturam
646 2365 798 2425 abscessus
828 2365 887 2424 mei
915 2384 1013 2425 causa.
1065 2365 1252 2442 intellegitur
1279 2364 1335 2422 hoc

317 2454 440 2513 Aenean
464 2454 637 2513 additurum
659 2456 765 2515 fuisse:
790 2456 1033 2531 contempsissem
1051 2456 1152 2513 omnia
1170 2456 1201 2511 et
1218 2471 1334 2511 reman-

316 2544 434 2617 sissem,
463 2545 490 2602 si
516 2545 710 2619 praescissem
738 2545 817 2602 hunc
846 2546 877 2602 te
906 2543 1078 2602 habituram
1106 2544 1216 2601 exitum
1244 2540 1334 2618 vitae,

316 2650 378 2691 non
407 2632 479 2707 quia
506 2651 576 2691 vere
603 2636 791 2692 contemnere
818 2633 919 2708 potuit
948 2632 1071 2692 deorum
1100 2633 1194 2704 iussa,
1222 2631 1273 2689 sed
1300 2633 1336 2688 ut

272 2738 301 2779 ss
316 2720 471 2780 mendacio
501 2721 657 2781 verisimili
683 2723 818 2798 placaret
846 2741 912 2781 eam
940 2740 1030 2795 quam
1060 2721 1102 2779 sio
1129 2720 1270 2793 laeserat,
1300 2722 1336 2777 ut
1379 2740 1382 2745 ·

316 2812 398 2869 vitae
421 2828 492 2869 suae
516 2829 631 2869 cursum
656 2810 758 2889 gladio
776 2810 978 2887 praecidisset.
1020 2827 1086 2868 ecce
1105 2827 1175 2868 usus
1198 2811 1334 2882 astarte,

317 2902 352 2957 ut
375 2899 456 2974 quod
479 2918 587 2977 negare
610 2919 671 2959 nou
693 2902 813 2976 poterat
835 2900 983 2957 fateretur
1009 2898 1090 2957 ultro
1118 2901 1148 2957 et
1175 2899 1257 2956 iusta
1285 2896 1334 2955 de-

317 2988 452 3047 fensione
475 2991 626 3067 purgaret.
647 3027 649 3031 .
673 2992 820 3065 quantum
843 2991 942 3047 autem
972 2987 1074 3047 odium
1102 2988 1194 3046 etiam
1216 2988 1336 3045 mortua
1399 3002 1401 3006 ·

317 3078 460 3136 retineret
483 3096 519 3135 ex
542 3096 575 3137 eo
599 3096 660 3137 non
682 3078 819 3151 obscure,
842 3077 894 3135 sed
917 3077 1071 3135 evidenter
1094 3075 1238 3149 ostendit,
1266 3094 1335 3133 cum

270 3185 302 3227 so
317 3184 380 3225 sese
404 3166 555 3242 proripuit
577 3168 703 3226 tacitam
725 3185 780 3225 nec
803 3165 971 3242 expectavit
989 3164 1148 3225 verborum
1169 3160 1259 3222 finem
1281 3182 1336 3223 nec

318 3254 435 3330 aliquid
461 3254 528 3330 ipsa
554 3254 717 3331 respondit.
772 3254 889 3313 Aeneas
918 3262 1019 3313 tamen
1047 3273 1114 3314 oum
1142 3253 1257 3312 videret
1285 3252 1335 3310 ab·

317 3344 447 3417 euntem,
469 3343 575 3403 relicto
599 3344 677 3419 quod
700 3343 827 3419 (licebat,
849 3347 884 3402 ut
907 3343 1076 3403 ostenderet
1095 3362 1125 3401 se
1144 3342 1241 3400 teneri
1259 3339 1340 3400 desi·

316 3432 401 3492 derio
421 3432 493 3507 eius,
515 3434 591 3502 siste,
614 3434 725 3509 inquit,
745 3432 874 3507 pradum
897 3436 977 3505 teque
1000 3434 1117 3504 aspecto
1135 3448 1172 3489 ce
1189 3430 1390 3489 subtrobctob

392 3590 405 3639 1
426 3585 535 3640 decebat
553 3584 578 3637 V
597 3601 665 3639 corr.
680 3585 724 3638 ed.
806 3590 822 3637 2
841 3586 885 3653 q‘m
905 3586 949 3646 (=
963 3581 1107 3651 quoniam)
1126 3581 1152 3635 V
1170 3582 1238 3651 quia
1255 3581 1298 3634 ed.

319 3662 353 3711 16
367 3674 409 3711 mc
421 3658 551 3711 maiorem
566 3654 692 3711 citoisV.
749 3659 782 3709 17
793 3655 919 3725 proboV
929 3654 1080 3723 probamus
1093 3653 1137 3706 ed.
1194 3658 1228 3706 20
1242 3653 1337 3707 existi-

315 3744 393 3783 mcre
412 3728 455 3782 ed.
521 3732 554 3781 23
569 3728 775 3797 praecavisset
793 3726 838 3782 ed.
907 3731 942 3781 ab
961 3722 1153 3794 pressurus
1179 3721 1319 3775 sorren.

317 3804 352 3852 32
371 3799 464 3853 relicto
483 3797 509 3851 V
524 3799 636 3869 relcpuc't
654 3797 697 3855 ed.
1240 3798 1244 3805 ‘
