3250 4350
560 481 562 485 ,
667 428 852 484 AENEIDOS
870 429 896 482 II
1227 429 1290 494 251

271 601 453 672 cooperitur:
489 599 636 676 singulari
663 617 786 657 numero
815 617 875 656 non
903 599 1053 672 omnibuS,
1076 598 1137 657 ‘sed
1166 599 1293 676 singulis

271 689 411 748 absolute
438 688 604 764 respondit,
632 690 667 746 ut
689 687 729 747 sit
751 687 809 746 huc
833 687 1004 766 congeritur
1027 688 1169 762 quicquid
1192 689 1225 745 in
1248 689 1291 746 di-

271 780 368 837 versis
396 777 548 854 speciebus
575 777 644 836 fuit.
688 779 789 853 potest
817 780 847 835 et
874 777 929 850 sic,
956 779 991 834 ut
1018 778 1190 853 congeritur
1214 779 1293 836 vesti
1401 826 1403 834 s

270 866 481 927 tantummodo
505 866 644 924 videatur
666 865 845 941 adpositum.
886 863 990 940 [pueri
1012 871 1038 924 et
1054 867 1186 939 pavidae
1208 866 1292 940 lonpo

243 958 378 1018 sordine
400 953 525 1030 matres]
547 959 627 1014 stant
649 957 771 1014 arcon:
803 974 909 1031 parum
933 956 992 1014 fruit
1015 956 1173 1014 accessisse
1196 973 1291 1031 usque

272 1045 313 1105 ad
336 1045 435 1120 ipsum
457 1045 555 1105 locum
573 1044 627 1103 ubi
644 1043 757 1119 praeda
775 1045 948 1120 captivique
966 1043 1153 1118 tenebantur,
1171 1043 1224 1102 ubi
1243 1062 1291 1102 ou-

272 1132 498 1195 stodiendorum
516 1132 648 1192 omnium
667 1151 756 1193 causa
777 1133 971 1209 praefuerant
988 1132 1121 1192 Phoenix
1141 1135 1171 1192 et
1188 1132 1292 1192 Ulixes

272 1225 366 1282 dirus.
413 1221 536 1281 dicendo
563 1222 646 1281 dnus
674 1221 776 1280 Ulixes
802 1222 897 1280 talem
924 1222 1056 1281 ostendit
1083 1223 1174 1280 etiam
1197 1221 1290 1281 Phoe·

271 1313 370 1370 nicem
393 1311 499 1386 fuisse3
528 1311 567 1370 ad
588 1331 683 1369 unum
706 1312 817 1387 quippe
840 1310 972 1370 officium
996 1311 1135 1386 aequales
1158 1310 1290 1370 moribus

229 1423 256 1464 ro
270 1403 395 1460 fuerunt
410 1400 567 1479 deligendi.
592 1417 684 1459 ausus
694 1402 765 1474 quio
775 1401 1133 1473 eticmcocesicotarepcr
1141 1402 1292 1459 umbram:

270 1491 344 1549 licet
365 1490 572 1565 praesentibus
596 1488 767 1548 execrandis
791 1489 963 1549 custodibus
986 1491 1097 1562 tamen;
1114 1491 1223 1565 inquit,
1242 1507 1291 1548 ac-

271 1579 361 1654 cessi,
388 1581 421 1636 in
448 1581 568 1638 tantum
594 1582 628 1637 ut
656 1597 703 1637 me
732 1581 848 1639 constet
872 1581 903 1637 et
925 1578 1068 1653 praedam
1090 1578 1199 1637 vidisse
1222 1597 1290 1638 con-

271 1671 389 1746 gestam
408 1670 438 1727 et
455 1670 544 1744 rapta
563 1668 764 1727 considerasse
783 1686 838 1743 per
855 1669 967 1742 species
987 1671 1018 1727 et
1036 1669 1126 1727 scisse
1145 1668 1290 1741 custodes.

271 1757 399 1817 ducebat
431 1757 511 1816 enim
544 1758 674 1816 amentia
706 1757 843 1833 perditae
875 1758 1010 1833 coniugis
1043 1775 1078 1814 co
1110 1754 1163 1814 ubi
1189 1758 1291 1815 venire

229 1867 257 1909 ra
270 1847 374 1923 posset
400 1848 433 1905 in
459 1865 565 1906 manus
593 1865 695 1905 eorum
725 1847 778 1921 qui
809 1845 945 1904 misereri
975 1865 1035 1905 non
1067 1849 1197 1905 nossent.
1242 1845 1291 1904 hic

270 1955 365 2012 prope
393 1936 508 1994 nullum
536 1936 614 1994 esset
640 1936 759 1994 Aeneae
790 1935 946 2007 meritum,
978 1936 1005 1994 si
1032 1934 1093 1993 alia
1120 1953 1180 1992 non
1208 1934 1291 1993 addi-

270 2025 376 2096 disset3
418 2044 472 2100 per
504 2028 621 2084 noctem
659 2026 771 2100 quippe
802 2024 897 2082 latere
929 2025 1030 2100 potuit
1062 2027 1093 2082 et
1124 2023 1290 2082 occultatus

269 2114 402 2175 tenebris
425 2134 485 2175 non
508 2113 611 2175 videri.
659 2115 732 2189 quin
756 2113 857 2187 etiam,
880 2114 988 2189 inquit,
1008 2131 1098 2172 ausus
1117 2131 1184 2172 sum
1202 2131 1288 2172 voces

269 2205 384 2263 iactare
411 2223 465 2279 per
492 2204 637 2263 umbram.
683 2222 772 2279 quem
799 2202 1014 2262 subtrahebant
1041 2203 1135 2261 oculis
1157 2202 1289 2261 hostium

231 2293 411 2353 actanebrae
440 2292 564 2368 prodere
591 2295 711 2368 poterat
738 2294 853 2352 sonitus
881 2293 975 2365 socie,
1004 2311 1071 2351 cum
1094 2291 1133 2351 ad
1155 2293 1290 2367 ipsorum

269 2383 456 2458 pervenisset
475 2381 602 2441 auditus.
634 2382 744 2455 inpleat
757 2382 883 2441 clocam
897 2382 977 2441 cias:
995 2382 1189 2459 augmentum
1207 2380 1290 2438 dedit

268 2473 330 2547 ipsi
352 2472 447 2544 facto,
475 2470 546 2529 dum
569 2470 643 2530 dicit
663 2470 779 2546 inplevi
804 2470 933 2529 clamore
960 2472 1034 2530 vias.
1080 2489 1153 2543 uno,
1181 2469 1289 2544 inquit,

269 2561 301 2618 in
329 2560 395 2619 loco
424 2560 587 2619 consistens
614 2560 725 2619 multas
754 2559 933 2619 clamoribus
965 2559 1040 2618 meis
1072 2561 1137 2617 vias
1165 2558 1288 2633 inplevi,

268 2650 327 2708 hoe
349 2653 395 2735 est
416 2651 482 2707 tam
499 2650 595 2708 claras
613 2666 700 2708 voces
717 2650 751 2706 in
769 2648 920 2707 doloribus
939 2650 1013 2706 meis
1032 2648 1125 2721 emisi,
1144 2651 1178 2705 ut
1197 2650 1288 2706 etiam

229 2755 255 2797 as
269 2738 308 2797 ad
333 2738 410 2796 alias
433 2740 498 2797 vias
521 2738 577 2797 hoc
601 2741 646 2797 est
669 2740 699 2796 et
722 2738 760 2797 ad
785 2738 861 2795 alios
883 2736 965 2797 vicos
987 2756 1045 2796 vox
1067 2755 1135 2796 mea
1157 2738 1200 2795 sic
1222 2755 1287 2811 per-

268 2827 415 2900 venisset,
443 2829 530 2902 quasi
557 2827 589 2884 in
613 2827 750 2886 omnibus
773 2844 914 2902 praesens
937 2827 1106 2885 clamarem.
1152 2826 1213 2884 alia
1235 2844 1287 2901 po·

267 2918 357 2976 ticris
381 2914 491 2975 doloris
517 2915 744 2992 demonstratio,
774 2935 833 2991 qua
856 2935 965 2991 purum
989 2917 1019 2973 et
1041 2916 1164 2990 plenum
1186 2914 1289 2974 mariti

268 3005 489 3065 demonstravit
515 3004 678 3065 adfectum:
709 3008 894 3077 maestosque
919 3003 1061 3064 Creusam
1088 3006 1280 3077 nequicquam
1291 3011 1342 3060 770

343 3183 357 3229 1
378 3182 536 3246 cooperetur
554 3174 613 3228 th.
635 3177 639 3244 Ι
660 3175 901 3244 pueri-circum
919 3173 1047 3228 lemmati
1066 3173 1131 3228 add.
1147 3175 1199 3241 ed,
1214 3174 1289 3228 infra
1367 3239 1368 3242 Ἴ

268 3249 392 3302 inserere
416 3246 503 3301 malui
523 3248 588 3300 ante
606 3252 688 3301 stant.
724 3248 727 3317 l
765 3246 813 3300 ced
830 3246 950 3314 sinpalc's
967 3245 1020 3298 LR
1038 3246 1095 3311 ed.;
1116 3263 1152 3300 an
1170 3248 1290 3315 sicqulia

267 3321 335 3375 sed?
410 3324 594 3387 3pctaet-4
609 3318 766 3386 adpositam
785 3334 839 3371 om.
855 3317 919 3385 ed!
940 3319 967 3371 ei
983 3318 1022 3371 sic
1039 3316 1065 3369 R
1083 3322 1109 3370 et
1126 3335 1147 3371 c.
1163 3318 1260 3369 r=L.
1282 3317 1286 3389 l

267 3393 393 3462 cooperis
411 3390 525 3445 turaistc'
542 3388 595 3442 th
612 3389 768 3459 cooperitur
785 3390 854 3443 casti
870 3406 892 3442 r.
952 3393 969 3441 4
987 3389 1108 3442 videm
1126 3388 1178 3441 LR
1196 3389 1289 3442 video-

268 3470 315 3517 twr
333 3480 356 3515 r.
448 3465 582 3529 bparam
600 3459 652 3512 LR
675 3477 731 3514 oon
750 3477 780 3528 p.
800 3460 871 3513 edl':
901 3458 971 3513 Don.
990 3460 1093 3515 circum
1117 3460 1154 3512 ad
1172 3459 1289 3513 Aenean

268 3533 365 3597 refert,
384 3533 418 3585 ut
437 3531 486 3586 sit:
505 3548 561 3585 non
576 3531 682 3586 accessi
696 3534 817 3598 tantum,
832 3532 882 3585 sed
896 3531 927 3584 in
940 3530 1041 3584 mediis
1055 3530 1111 3595 fui3
1130 3531 1206 3598 quod
1220 3531 1289 3597 quia
1372 3561 1375 3567 ·

268 3622 325 3659 non
343 3602 495 3669 intellexit,
513 3619 571 3656 nore
589 3602 772 3671 interpolavit
785 3602 815 3655 F.
873 3608 887 3655 7
902 3603 1087 3671 praefuerant
1105 3602 1156 3654 LR
1174 3603 1290 3668 sacraret

269 3676 312 3731 ed.
399 3680 431 3728 13
451 3680 561 3743 raptam
579 3674 622 3728 ed.
649 3676 653 3744 Ι
681 3690 731 3742 per
748 3673 800 3727 LR
819 3680 888 3742 etp.
909 3673 952 3726 ed.
976 3676 980 3743 Ι
1009 3675 1089 3728 scisse
1107 3673 1160 3725 La
1177 3680 1203 3727 et
1220 3690 1290 3727 scr

268 3750 376 3803 wisse
395 3746 439 3800 ed.
513 3752 546 3800 15
562 3762 641 3815 posse
659 3745 719 3799 La.
792 3751 825 3798 21
846 3745 975 3799 audibam
993 3744 1036 3798 ed.
1106 3749 1140 3798 23
1159 3746 1290 3800 clamores

267 3818 320 3872 LR
339 3835 411 3874 corr.
431 3817 474 3872 ed.
547 3823 582 3870 24
600 3818 658 3872 iam
676 3816 729 3869 LR
746 3823 803 3871 tom
821 3834 836 3868 r
854 3816 897 3870 ed.
971 3820 1005 3869 25
1023 3817 1064 3871 sic
1082 3815 1134 3868 aa
1151 3818 1177 3871 si
1195 3816 1241 3871 ed.
