3250 4350
714 431 898 487 nunniuos
916 431 942 485 v
1245 495 1253 509 ,
1276 430 1344 496 459

326 602 422 678 magis
445 599 519 660 Niso
543 599 712 676 proximum
741 601 833 659 fuisse
862 618 952 676 quam
975 600 1121 676 Euryalo,
1149 600 1220 659 licet
1247 592 1344 659 adhue
1392 654 1394 660 .

326 689 489 766 plurimum
520 690 658 763 restaret,
692 689 807 748 scilicet
834 692 870 746 ut
897 687 978 764 quod
1006 692 1076 748 ante
1100 688 1216 748 Salium
1243 689 1344 749 fuerat

325 798 385 838 non
408 777 528 837 tantum
546 779 696 855 prolixum
714 779 822 837 fuisset
840 795 932 853 quam
950 777 1010 836 suit
1027 778 1109 854 quod
1127 781 1244 855 atergo
1263 779 1343 837 inter

324 868 425 943 ipsum
440 869 470 926 et
481 867 648 944 Euryalum
660 866 846 925 tendebatur.
878 866 997 925 Primus
1015 867 1111 945 igitur
1128 868 1228 926 fuerat
1241 867 1343 941 Nisus,

295 956 472 1018 sseeundus
492 955 600 1031 Salius
619 956 769 1032 Euryalus
787 955 903 1015 tertius.
945 957 1077 1032 spatium
1096 975 1155 1032 quo
1174 955 1343 1030 Euryalum

323 1048 526 1121 praecesserat
547 1045 640 1105 Nisus
662 1044 783 1104 tenebat
807 1043 906 1109 Salius
929 1044 1074 1119 medium,
1106 1046 1149 1104 sic
1176 1047 1277 1104 tamen
1306 1047 1343 1103 ut

324 1134 512 1210 praecedenti
535 1134 609 1194 Niso
631 1134 729 1212 magis
753 1153 844 1209 quam
871 1135 1009 1209 sequenti
1030 1134 1162 1210 Euryalo
1189 1134 1342 1211 proximus

323 1224 484 1284 videretur.
521 1224 746 1298 Euryalumque
758 1223 903 1298 Helymus
925 1225 1064 1296 sequitur,
1087 1241 1143 1297 quo
1166 1224 1270 1282 dnnde
1286 1224 1341 1283 sub

322 1315 388 1386 ipso
412 1330 472 1373 cccc
493 1313 573 1371 eolat
594 1313 756 1386 calcemque
773 1315 840 1371 terit
855 1315 918 1372 iam
936 1313 1014 1372 coice
1031 1312 1154 1372 Diores:
1176 1312 1342 1388 Euryalum

279 1424 309 1464 ro
323 1401 505 1477 sequebatur
522 1401 676 1477 Helymus,
691 1400 852 1478 Helymum
870 1401 977 1460 Diores
996 1403 1087 1477 atque
1104 1401 1158 1476 ita,
1177 1404 1212 1460 ut
1230 1401 1341 1460 calcem

323 1491 529 1571 praecedentis
555 1492 705 1566 posterior
731 1493 855 1564 tereret,
884 1490 940 1550 hoo
967 1492 1013 1550 est
1039 1493 1160 1549 tantum
1186 1491 1341 1567 proximus

322 1580 417 1656 priori
430 1579 578 1656 posterior
596 1581 669 1652 fuit,
691 1582 728 1638 ut
744 1578 835 1655 pedes
853 1580 931 1653 eius,
954 1579 1026 1639 dum
1044 1578 1219 1639 coniunctus
1238 1597 1340 1654 seque·

322 1672 415 1743 retur,
434 1669 590 1728 obtereret.
626 1669 796 1728 incumbens
813 1685 927 1727 umero:
948 1671 1069 1744 praeter
1085 1669 1205 1744 pulsum
1222 1668 1332 1745 pedum
1342 1674 1395 1724 825

322 1777 426 1816 umero
455 1777 575 1834 quoque
602 1757 742 1816 trudebat
769 1757 988 1833 perdurantem.
1033 1760 1133 1831 spotia
1155 1763 1181 1817 ct
1202 1760 1230 1817 si
1251 1759 1342 1831 ptura

281 1868 308 1909 ts
321 1849 483 1920 supersint,
511 1850 643 1906 tremeat
669 1846 787 1920 elapsus
809 1848 898 1920 prior
924 1847 1150 1923 ombiyuumque
1178 1849 1341 1919 relinquat:

322 1955 505 2011 quamquam
523 1937 612 2011 plura
630 1936 730 2010 spatie
747 1938 897 1995 restarent
916 1935 1022 2010 quibus
1040 1937 1169 1995 transire
1183 1938 1340 2011 potuisset,

322 2025 476 2083 nitebatur
497 2028 608 2099 tamen,
631 2027 667 2082 ut
690 2027 806 2083 certum
830 2024 866 2083 de
884 2042 936 2100 spe
954 2024 1098 2082 victoriae
1116 2025 1228 2084 faceret
1246 2026 1340 2083 ineer-

321 2116 396 2172 tum.
442 2116 559 2189 iuraque
580 2117 642 2189 fere
664 2115 758 2187 spatio
782 2115 915 2184 octeno,
937 2113 1052 2174 scilicet
1071 2132 1130 2190 quo
1150 2113 1189 2172 ad
1207 2113 1339 2190 palmam

320 2205 422 2278 potuit
440 2204 599 2279 perveniri,
621 2205 748 2276 fessique
768 2204 824 2262 sub
838 2205 936 2276 ipsunt
952 2205 1041 2276 nunu
1059 2204 1265 2273 adventabant,
1283 2204 1340 2263 levi

277 2313 307 2353 so
321 2310 389 2351 curn
415 2294 559 2368 sanquine
580 2293 675 2352 Nisus
704 2293 815 2352 labitur
843 2293 962 2365 infelix:
994 2292 1055 2351 levi
1089 2312 1155 2351 oum
1186 2294 1339 2371 sanguine,

321 2401 410 2456 quem
433 2386 514 2440 terra
537 2401 597 2440 non
619 2381 743 2441 bibisset
766 2382 797 2440 et
819 2383 899 2440 inter
920 2380 1027 2441 herbas
1046 2381 1219 2459 congelatus
1237 2400 1338 2456 super·

321 2473 412 2546 esset,
440 2471 555 2530 labitur
576 2470 693 2543 infelix,
720 2472 826 2546 utpote
849 2470 901 2546 qui
924 2488 995 2530 casu
1016 2469 1195 2546 perdidisset
1217 2470 1339 2529 virtutis

320 2560 448 2636 insigne.
504 2578 594 2619 causa
624 2559 778 2637 sanguinis
807 2560 894 2618 effusi
921 2558 1044 2618 dicitur:
1076 2562 1170 2619 caesis
1200 2563 1234 2617 ut
1264 2561 1339 2633 forte

320 2651 451 2707 iuuencis
477 2650 565 2721 fusus
591 2650 672 2708 turni
695 2649 856 2721 uiridisque
881 2665 970 2721 super
996 2649 1190 2721 rnadefccerat
1211 2650 1393 2707 lutumst

275 2758 304 2801 aa
320 2737 400 2795 duae
422 2738 543 2796 fuerunt
569 2738 672 2813 lapsus
700 2755 822 2811 causae,
853 2736 946 2795 herba
973 2736 1078 2796 viridis
1106 2739 1137 2795 et
1164 2738 1337 2813 superfluus

321 2827 451 2904 sanguis.
493 2828 569 2899 iam,
591 2826 703 2901 inquit,
727 2824 851 2885 delinita
877 2825 1063 2884 currentibus
1091 2825 1192 2902 spatia
1219 2828 1338 2902 oonple-

319 2915 431 2973 bantur
453 2915 635 2992 perindeque
649 2915 723 2973 Niso
745 2934 806 2974 non
828 2914 943 2973 multus
963 2914 1001 2973 ad
1019 2915 1192 2991 inplendum
1211 2916 1337 2993 gloriam

320 3007 476 3081 supererat
498 3004 591 3078 labor,
615 3000 694 3063 oum'
705 3004 804 3063 subito
827 3002 932 3062 infelix
949 3004 1037 3080 lapsu
1055 3021 1144 3079 super
1162 3007 1338 3083 sanguinem

319 3089 451 3154 oonoidi't
470 3096 500 3152 et
518 3094 659 3169 deceptus
677 3092 808 3169 perdidit
826 3092 966 3168 palmam.
1003 3110 1063 3152 non
1081 3097 1177 3153 tumen
1196 3094 1336 3169 Euryali,

394 3250 409 3297 3
428 3252 537 3300 tantum
550 3245 603 3298 ult
617 3245 660 3299 ed.
675 3251 733 3299 tant
749 3262 764 3297 r
782 3259 820 3298 an
838 3250 973 3313 quantana
990 3261 1042 3314 pro
1061 3251 1162 3313 quarn?
1224 3250 1238 3297 ‘l
1254 3262 1336 3313 proe-

318 3317 427 3371 cedente
444 3315 475 3370 L.
585 3321 618 3370 1t
640 3317 746 3383 fulsum
768 3315 822 3369 th
839 3317 954 3385 pulsum
976 3334 991 3369 r
1008 3317 1215 3385 proximitatem
1239 3316 1282 3370 ed.

321 3392 354 3440 16
375 3404 541 3456 quamquam
555 3389 642 3457 plura
659 3387 712 3440 LR
731 3386 788 3441 ed:
807 3386 915 3457 legItne
933 3386 1003 3441 Don.
1023 3389 1089 3441 etsi?
1124 3404 1161 3441 an
1179 3404 1236 3441 non
1250 3389 1338 3455 plura

319 3458 527 3512 emendandum
545 3460 606 3513 est?
640 3461 847 3527 utrumcunque
865 3458 1021 3525 admiseris,
1039 3457 1159 3513 obscura
1177 3458 1232 3512 erit
1250 3458 1338 3511 inter·

318 3530 451 3599 pretatio.
477 3533 481 3601 l
506 3531 660 3598 potuissent
677 3530 710 3583 Po.
785 3535 817 3583 1⁷
837 3531 977 3584 nitebatur
994 3536 1086 3583 touton
1104 3546 1157 3583 om.
1177 3530 1202 3582 R
1221 3528 1285 3583 add.
1305 3528 1336 3582 in

320 3617 410 3671 marg.
429 3601 488 3655 sive
505 3602 568 3670 ipse
587 3600 645 3655 sive
662 3618 685 3655 r.
759 3607 792 3655 22
808 3602 944 3669 periisset
955 3600 986 3654 L.
1051 3605 1085 3653 23
1104 3600 1208 3655 dicitnr
1226 3615 1280 3653 om.
1291 3599 1335 3654 ed

374 3678 409 3725 24
427 3673 505 3727 humi
521 3672 574 3725 LR
592 3674 705 3727 bunum
724 3672 767 3726 ed.
787 3672 936 3741 etoptimi
954 3671 1038 3742 Verg.
1057 3671 1132 3725 libri.
1213 3677 1246 3725 27
1266 3672 1336 3726 mul·

319 3750 361 3799 tos
379 3743 409 3797 L.
499 3748 532 3797 29
551 3761 575 3797 v.
586 3748 728 3797 ttl-ttt
746 3743 941 3798 bic-cruore
958 3759 1014 3797 non
1034 3744 1132 3797 extant
1149 3742 1180 3796 in
1198 3742 1251 3797 LR
1269 3741 1307 3798 sd

319 3815 377 3871 ed:
406 3814 585 3869 antecedenti
603 3813 730 3869 lemmati
748 3814 844 3883 potius
868 3813 1048 3881 adiecissem,
1071 3813 1096 3867 si
1119 3813 1309 3883 explicarem
