3250 4350
673 406 879 462 PRAEFATIO
1207 408 1285 464 XXV

264 577 387 637 fluxisse
409 596 469 636 uno
492 577 557 636 loce
581 579 683 653 aperte
707 576 929 636 demonstratur
953 579 1003 651 10,
1020 579 1097 652 524,
1120 577 1172 636 ubi
1195 579 1287 638 verba

263 666 305 725 ad
333 667 522 725 intellectum
553 667 721 725 necessaria
747 665 895 740 „alterum
923 666 1003 740 quud
1032 669 1284 743 contemplatione

263 755 309 814 fili
330 773 394 815 esse
413 753 533 814 debuit“
550 754 582 812 in
596 754 758 832 Reginensi
777 758 953 814 conservata
966 754 1131 814 Vaticanus
1150 776 1169 815 a
1186 757 1285 832 priore

265 841 408 917 „debuit“
431 843 470 902 ad
493 843 655 903 secundum
679 843 820 903 aberrans
844 844 953 902 omisit.
1002 845 1116 903 accedit
1141 847 1191 919 10,
1211 846 1285 919 496,

266 933 318 992 ubi
347 935 453 1010 inepta
476 933 619 992 Vaticani
645 933 737 992 rerba
764 932 928 1008 „trahentis
955 931 1127 992 baltheum“
1154 952 1214 992 nen
1238 953 1285 993 ex·

266 1021 352 1081 hibet
368 1022 405 1095 R,
425 1026 455 1080 et
479 1024 529 1097 10,
546 1023 620 1095 515,
642 1021 694 1080 ubi
716 1041 771 1098 pre
795 1021 932 1081 absurdis
945 1021 1088 1081 Vaticani
1109 1023 1208 1082 verbis
1230 1023 1285 1098 „de

266 1109 365 1171 nova“
394 1114 424 1170 et
451 1129 505 1187 „ex
532 1109 657 1188 genere“
684 1129 787 1169 veram
819 1110 978 1169 lectionem
1005 1111 1142 1187 praebet,
1174 1114 1204 1170 55
1232 1113 1286 1171 5111

266 1219 328 1260 555
356 1199 447 1276 pauci
473 1201 532 1259 loci
560 1199 667 1275 quibus
695 1200 848 1259 meliorem
871 1201 1029 1259 lectionem
1052 1199 1285 1278 115ςὶ555105-

264 1289 329 1349 beri
362 1290 528 1365 apparatus
554 1289 662 1348 decimi
689 1288 759 1347 libri
787 1290 881 1348 docet.
927 1307 997 1347 nam
1024 1308 1061 1348 ne
1088 1290 1285 1366 Reginensem

266 1378 426 1437 librarium
447 1379 521 1438 haec
544 1395 597 1437 suo
621 1377 720 1437 studio
744 1377 915 1437 emendasse
937 1380 1024 1454 putes
1050 1379 1200 1437 innumeri
1226 1378 1285 1437 loci

266 1466 429 1545 prohibent
456 1467 565 1542 quibus
591 1467 780 1542 ineptissima
807 1485 942 1542 quaeque
969 1466 1055 1526 siccis
1082 1468 1176 1527 oculis
1202 1470 1284 1526 tran·

267 1557 399 1632 scripsit.
422 1555 603 1615 Vaticanum
618 1559 718 1615 autem
732 1576 793 1616 non
807 1575 842 1614 ex
852 1555 1012 1633 Reginensi
1026 1556 1207 1633 descriptum
1222 1575 1285 1617 esse

268 1663 336 1707 cum
355 1645 526 1704 litterarum
545 1663 637 1723 genus
657 1645 812 1720 aliquanto
831 1646 978 1704 vetustius
996 1647 1061 1704 5551
1080 1665 1156 1721 quac
1175 1648 1285 1705 omissa

267 1737 297 1792 in
315 1735 481 1812 Reginensi
494 1734 660 1794 Vaticanus
681 1734 773 1793 habet
795 1753 855 1793 555
878 1752 976 1809 pauca
994 1735 1164 1794 ostendunt.
1199 1738 1285 1793 ater

268 1823 371 1883 ecdem
397 1823 559 1900 exemplari
582 1825 743 1898 utrumque
766 1822 948 1900 descriptum
972 1841 1034 1882 esse
1052 1824 1167 1900 ingenti
1186 1824 1234 1882 vel
1252 1825 1283 1882 in

266 1912 354 1972 bonis
383 1913 432 1970 vel
459 1914 491 1971 in
518 1912 606 1971 malis
634 1930 778 1971 consensu
805 1912 1035 1972 demonstratur.
1081 1913 1185 1972 eadem
1207 1914 1285 1970 inter

265 2001 466 2080 Reginensem
499 2004 529 2060 et
559 1999 797 2060 Laurentianum
827 2003 907 2060 ratic
939 2001 1104 2060 intercedit.
1154 2005 1284 2077 primum

265 2093 347 2150 enim
371 2092 481 2149 omissa
504 2090 536 2148 in
554 2089 758 2149 Laurentiano
776 2089 952 2169 Reginensis
974 2090 1066 2149 habet
1087 2090 1173 2151 haec:
1199 2093 1283 2165 1,19

265 2177 390 2256 „quae“,
416 2181 522 2254 1,186
543 2178 641 2256 „per“,
667 2185 694 2254 l,
710 2182 772 2239 506
793 2178 896 2256 „viri“,
917 2184 944 2255 1,
960 2181 1023 2238 526
1043 2179 1155 2257 „pius“,
1176 2185 1204 2255 1,
1220 2182 1283 2238 662

265 2266 437 2344 ,1555515“,
470 2272 563 2343 2,11
593 2267 860 2344 „executionibus“,
894 2272 927 2343 2,
947 2270 1010 2329 632
1039 2268 1138 2345 ,,5111“,
1171 2271 1282 2343 4,157

266 2356 392 2431 ,5555“,
420 2359 529 2431 4,176
554 2357 686 2433 „foeda“,
716 2360 823 2433 4,197
853 2357 977 2433 „quod“‚
1007 2361 1069 2432 5,2
1094 2357 1168 2433 „et“‚
1198 2359 1281 2432 5,16

266 2444 388 2521 „renis“
412 2438 530 2527 (velis),
559 2449 588 2520 5,
604 2448 667 2506 565
692 2447 805 2522 „albis“
830 2442 990 2528 (incertum
1014 2451 1058 2506 555
1083 2449 1190 2522 2,192
1214 2448 1283 2521 „ad-

265 2533 388 2610 seruit“,
417 2534 490 2610 quia
515 2536 571 2594 1155
594 2536 704 2595 55511
727 2538 791 2613 ipse
814 2536 947 2610 scripsit,
975 2536 1026 2595 sed
1048 2527 1079 2594 r'
1100 2538 1132 2594 in
1155 2528 1283 2617 rasura).

265 2623 373 2683 deinde
397 2623 468 2702 Reg.
493 2643 595 2684 veram
621 2626 792 2699 lectionem,
821 2643 912 2701 quam
939 2644 999 2684 555
1026 2628 1126 2700 potest
1155 2644 1208 2684 suo
1238 2626 1283 2683 in·

266 2713 386 2791 geniolo
414 2712 555 2772 librarius
583 2733 618 2772 ex
646 2717 786 2790 corrupta
813 2714 1009 2772 Laurentiani
1041 2714 1185 2785 effecisse,
1216 2733 1282 2773 cum

267 2802 334 2861 aliis
362 2805 429 2861 tum
456 2802 502 2863 his
528 2802 601 2861 locis
625 2803 755 2862 exhibet:
789 2806 817 2877 1,
833 2804 896 2861 637
922 2823 974 2877 „ex
997 2801 1087 2881 iugi“,
1112 2802 1197 2877 2,15
1222 2803 1283 2877 „in-

266 2889 417 2966 beliium“,
446 2893 475 2964 2,
494 2893 536 2949 44
560 2890 704 2968 „tracto“,
731 2894 843 2967 4,121
874 2891 1029 2967 ,,5515115“,
1057 2894 1086 2966 4,
1107 2892 1169 2951 625
1199 2912 1283 2967 „per-

266 2976 433 3054 turbatae“,
462 2982 491 3053 5,
510 2982 573 3039 497
603 3000 639 3055 „a
662 2980 795 3057 genere“,
827 2982 855 3054 5,
878 2983 939 3039 729
964 2981 1018 3054 „de
1041 2980 1225 3055 inutilibus“,
1254 2983 1283 3055 5,

268 3070 331 3129 730
356 3071 407 3143 „in
429 3067 522 3145 ipsa“.
568 3069 621 3127 ubi
648 3073 749 3128 autem
777 3072 830 3128 aut
856 3071 981 3145 uterque
1009 3071 1123 3128 erravit
1147 3071 1230 3128 velut
1254 3072 1283 3143 4,

268 3159 328 3216 161
363 3159 472 3232 „nimis
487 3190 529 3199 -
544 3156 665 3232 nimes“,
700 3161 728 3231 5,
753 3160 817 3217 364
850 3160 982 3233 „cunctis
998 3191 1039 3199 -
1054 3157 1198 3219 cuinctis“
1231 3161 1283 3217 aut

267 3246 337 3325 Reg.
363 3247 446 3305 solue
469 3248 552 3306 velut
577 3249 605 3322 5,
621 3249 684 3306 283
704 3246 848 3322 „inquit“,
872 3252 902 3321 5,
918 3248 982 3305 660
1000 3246 1141 3325 „figura“,
1163 3248 1282 3306 facilius

267 3335 320 3395 hcc
346 3354 382 3394 ex
406 3338 571 3395 communis
595 3337 750 3413 archetypi
773 3336 1000 3396 difficultatibus
1029 3356 1121 3412 quam
1146 3336 1282 3395 5111155-

267 3424 396 3484 rentiani
412 3427 570 3501 perspicua
584 3426 759 3501 plerumque
773 3444 864 3483 manu
878 3426 1052 3502 explicatur.
1083 3425 1163 3501 quod
1179 3429 1207 3498 1,
1218 3428 1277 3484 591

267 3516 338 3573 satis
364 3513 485 3573 evidens
509 3516 567 3573 est:
597 3534 668 3573 nam
691 3534 758 3573 cum
780 3514 805 3571 L
829 3514 1010 3574 beneficia
1031 3516 1053 3572 11
1076 3525 1093 3572 a
1121 3515 1282 3590 scripserit,

267 3621 298 3661 ex
326 3602 375 3661 his
404 3604 483 3662 certe
506 3603 533 3660 R
559 3622 621 3662 non
647 3606 748 3679 potuit
775 3604 880 3662 elicere
907 3604 1124 3663 benefitium
1151 3606 1283 3676 autem,

267 3696 296 3750 55
318 3694 346 3751 51
370 3692 567 3768 archetypum
590 3695 705 3752 statuas
729 3693 1308 3757 11511511515115115115155555115·
1395 3747 1400 3754 1

266 3780 400 3841 uesicis
419 3780 507 3836 11555
527 3784 591 3837 555
611 3772 681 3860 (pro
702 3782 793 3845 11555
820 3790 853 3848 55
879 3780 998 3876 saepe),
1019 3795 1054 3853 et
1072 3785 1318 3871 5556111555
