3250 4350
703 418 886 474 Aruernos
904 420 930 474 11
1113 409 1116 415 “
1262 420 1325 485 155

298 587 434 647 existere
458 588 622 665 potuisset,
651 587 769 646 Sinonis
797 607 867 647 vero
896 589 1054 647 consilium
1081 589 1140 647 fnit
1166 592 1202 647 ut
1225 588 1325 648 omnia

307 676 496 753 praeveniret
512 676 668 736 oleru&
677 678 892 753 ·μιίιι
907 677 1325 750 masii-hamt

307 785 401 840 mora,
420 768 489 825 ante
508 770 622 825 secreta
640 766 710 841 equi
726 763 926 841 proderentur
943 785 1034 841 qnam
1047 765 1103 824 ille
1121 768 1215 842 qnasi
1226 766 1324 825 latens

307 854 414 915 fuisset
435 856 583 914 inventus.
630 874 665 913 ex
686 854 724 913 iis
747 857 849 913 tamen
872 874 949 930 quae
971 856 1091 914 fuerant
1114 857 1199 933 gesta
1223 856 1325 930 potuit

280 962 454 1021 sapparere
482 942 562 1019 qnod
589 944 620 1001 in
648 942 755 1003 Troiae
783 943 947 1019 parabatur
973 942 1128 1004 excidium.
1174 962 1244 1001 nam
1271 944 1324 1001 ille

307 1036 395 1093 tanta
421 1033 529 1091 mentis
557 1031 758 1091 obstinatione
785 1034 920 1091 animum
946 1052 1034 1093 snum
1062 1032 1101 1091 ad
1127 1033 1222 1109 partis
1255 1050 1323 1090 suas

307 1121 465 1197 inplendae
496 1124 743 1197 praeparaverat,
775 1125 810 1181 ut
836 1123 961 1198 paratus
994 1121 1033 1181 ad
1058 1122 1168 1196 vitam,
1199 1123 1323 1197 paratus

307 1214 386 1269 esset
413 1210 450 1267 ad
478 1212 618 1283 mortem,
646 1212 752 1286 utpote
776 1210 842 1285 qui,
870 1229 939 1269 cum
962 1228 993 1269 se
1016 1212 1107 1270 sciret
1128 1209 1323 1287 incognitum,

307 1300 388 1358 ultro
412 1299 517 1357 obvius
541 1298 729 1357 venientibus
751 1297 837 1358 fieret
855 1299 981 1359 callidus
1000 1300 1096 1377 magis
1115 1318 1204 1376 quam
1224 1298 1322 1357 minus

264 1409 293 1449 ro
307 1392 426 1460 cantum
457 1390 646 1466 transegerat
669 1388 760 1463 enim,
784 1391 820 1447 ut
842 1388 956 1447 dictum
978 1391 1033 1463 est,
1055 1406 1122 1447 cum
1145 1390 1245 1447 animo
1269 1406 1323 1445 suo

307 1480 362 1535 aut
385 1476 541 1553 adquirere
564 1496 633 1535 cum
656 1476 788 1553 periculo
807 1476 966 1536 victoriam
984 1479 1046 1536 suis
1065 1481 1118 1535 aut
1135 1496 1190 1553 pro
1209 1476 1323 1535 eunctis

307 1565 489 1625 occumbere.
525 1568 566 1624 -et
589 1566 769 1626 Terentiana
791 1568 940 1625 sententia
963 1558 1078 1646 (heaut.
1099 1570 1128 1641 2,
1143 1568 1172 1639 3,
1188 1558 1245 1635 73)
1267 1566 1323 1623 hoc

307 1656 455 1731 loquitur,
481 1659 542 1714 non
569 1655 634 1713 fieri
660 1657 724 1714 sine
751 1674 861 1732 magno
888 1656 1020 1731 periculo
1044 1656 1160 1713 facinus
1182 1674 1323 1732 magnum

308 1747 363 1803 aut
394 1743 595 1803 memorabile.
640 1744 713 1803 haec
745 1764 818 1803 non.
837 1744 902 1820 ipso
934 1745 1068 1819 tempore
1101 1746 1173 1802 sunt
1203 1745 1323 1819 cognita

264 1856 292 1895 15
309 1854 367 1909 quo
390 1831 510 1907 fiebant,
534 1833 585 1892 sed
607 1836 676 1909 post
699 1832 845 1892 excidium
864 1834 971 1891 Troiae
995 1837 1025 1891 et
1045 1834 1201 1891 interitum
1219 1832 1323 1890 Troia-

307 1941 424 1983 norum.
469 1925 579 1995 tamen,
604 1921 661 1980 nisi
686 1920 728 1980 dii
752 1925 851 1981 essent
873 1941 889 1980 e
913 1921 1030 1981 diverso
1053 1920 1179 1998 imperio
1202 1919 1323 1993 Priami,

307 2012 428 2070 Sinonis
446 2011 567 2070 fraudes
584 2012 664 2069 inter
681 2009 770 2069 initia
786 2010 852 2085 ipsa
866 2010 1001 2087 intellegi
1015 2010 1189 2083 debuerunt,
1204 2009 1322 2084 quando

306 2100 494 2179 incognitum
521 2118 552 2158 se
579 2099 659 2158 ultro
687 2101 813 2178 ingessit
836 2101 866 2157 et
889 2118 923 2158 eo
947 2103 1080 2177 tempore
1104 2118 1162 2175 quo
1186 2103 1322 2174 suspecta

306 2192 408 2249 omnia
437 2190 563 2248 fuerant.
608 2191 737 2262 dedique
764 2190 877 2247 riscodi
903 2191 999 2248 studio
1029 2189 1160 2261 Troiano
1189 2191 1323 2246 iuventus

262 2301 293 2341 so
307 2281 486 2352 circumfuso
509 2281 570 2337 ruit
592 2282 756 2352 ceduntque
778 2278 911 2337 intrudere
934 2282 1031 2352 cupio:
1062 2280 1206 2353 expressit
1228 2278 1322 2336 homi-

306 2389 379 2426 num
402 2386 528 2442 morsm3
552 2368 619 2443 quis
643 2369 722 2425 enim
745 2386 804 2425 non
828 2371 948 2442 cuperet
971 2368 1087 2426 hostem
1110 2386 1196 2425 suum
1223 2367 1323 2424 videre

307 2455 481 2533 captivum?
513 2460 601 2531 capto
619 2456 734 2514 interea
750 2475 852 2514 omnes
866 2457 1039 2515 nitebantur
1052 2455 1194 2514 inludere.
1227 2459 1324 2525 (recipe
1342 2461 1375 2508 65

305 2563 386 2605 cunc
412 2545 556 2604 Donarem
583 2547 710 2604 insidias
738 2548 763 2601 d
790 2547 912 2611 crimen,
945 2547 982 2603 ab
1014 2563 1073 2603 eruo
1105 2545 1183 2602 disce
1215 2548 1323 2601 curuis:

306 2635 366 2693 viri
389 2635 475 2694 fortis
499 2636 599 2693 animo
627 2633 753 2693 destruit
777 2632 956 2692 Graecorum
984 2652 1141 2709 personam
1170 2634 1322 2691 occasione

263 2746 293 2786 as
306 2723 389 2782 omni
404 2726 435 2781 et
452 2723 585 2783 defendit
604 2742 687 2781 suam
707 2725 804 2781 totum
823 2723 854 2781 in
873 2722 994 2782 deorum
1015 2723 1173 2781 adversum
1191 2721 1322 2780 studium

307 2831 462 2887 revocans,
490 2815 525 2870 ut
552 2813 690 2870 ostendat
713 2810 840 2870 Graecos
868 2811 985 2870 insidiis
1014 2815 1044 2870 et
1066 2812 1188 2869 deorum
1211 2810 1322 2869 iniusto

307 2903 411 2961 favore
439 2901 603 2961 obtinuisse
630 2903 800 2975 victoriam,
833 2900 889 2958 sibi
922 2919 991 2958 vero
1019 2901 1135 2959 Aeneas
1167 2902 1196 2957 et
1223 2898 1322 2958 defen-

307 2993 422 3049 sionem
449 2997 592 3066 procurat
614 2993 644 3048 et
666 2989 800 3065 laudem,
823 3009 891 3048 cum
914 2990 1025 3048 adserit
1047 2989 1078 3046 in
1102 2989 1207 3047 Troiae
1231 2988 1322 3048 cladi·

306 3080 363 3138 bus
391 3098 451 3138 non
480 3078 621 3152 Graecos,
653 3079 704 3137 sed
735 3079 804 3136 deos
833 3077 965 3136 extitisse
993 3079 1128 3137 victores.
1179 3079 1224 3136 ait
1252 3097 1322 3154 ergo

263 3191 293 3230 so
308 3169 410 3244 accipe
438 3186 516 3226 nunc
539 3169 677 3226 Danaum
705 3167 829 3225 insidias
858 3170 888 3225 et
916 3166 1034 3226 crimen.
1081 3167 1194 3241 duplici
1216 3186 1322 3244 genere

382 3302 660 3372 thciLReued.
715 3301 787 3355 liis
805 3300 979 3355 LRbised.
1041 3299 1324 3368 Squithed.qui

307 3392 371 3429 cum
388 3389 447 3427 nos.
539 3373 662 3443 {imagis
681 3389 734 3426 om.
755 3371 821 3426 eds.
851 3376 855 3437 Ι
889 3373 982 3425 minus
1001 3388 1054 3425 om.
1075 3372 1118 3424 ed.
1210 3376 1244 3424 10
1262 3389 1323 3425 cum

308 3463 364 3499 om.
379 3444 422 3499 ed.
502 3450 534 3497 11
555 3444 698 3513 adquircri
715 3443 775 3496 LR.
851 3448 882 3496 12
902 3444 1054 3497 occumbere
1071 3442 1124 3495 Lis
1141 3459 1164 3496 o.
1180 3443 1261 3496 neorii
1279 3442 1322 3495 ed.

365 3521 398 3569 1o
418 3522 508 3569 tumen
527 3515 579 3568 LR
597 3522 655 3568 tum
673 3516 716 3567 ed.
734 3518 737 3582 Ι
754 3533 767 3568 e
785 3515 892 3568 diuerso
911 3513 963 3566 th
981 3514 1090 3567 adversi
1108 3514 1150 3566 ed.
1213 3518 1246 3566 19
1264 3513 1323 3577 fue-

306 3593 378 3643 rumt
395 3587 438 3640 ed.
493 3585 878 3642 rolomresscorr.r=11.
934 3591 968 3638 ‘23
987 3586 1088 3638 crimen
1107 3584 1159 3637 LR
1176 3584 1222 3652 (cf.
1239 3583 1323 3651 Serv.)

306 3659 423 3716 mimine
442 3657 498 3712 ed:
519 3656 635 3711 distinxi
650 3657 803 3710 secundum
818 3655 1087 3725 interpretationem.
1143 3662 1177 3709 25
1196 3656 1324 3720 defuvudit

307 3730 362 3784 LR
376 3729 498 3796 defendit
511 3729 533 3781 L
547 3729 573 3788 ll
586 3744 659 3782 man.
673 3746 694 3781 r.
756 3733 789 3782 27
805 3733 971 3800 procuraret
982 3727 1040 3783 nn
1058 3734 1084 3782 et
1102 3726 1347 3782 animumn.

299 3807 439 3869 procedat
453 3808 480 3852 et
493 3799 519 3851 r'
536 3799 599 3853 edil
621 3803 630 3870 l
648 3803 769 3858 assederit
789 3803 834 3858 ed.
911 3808 948 3858 30
968 3804 1079 3860 crimen-
1093 3801 1156 3854 litt
1173 3799 1297 3851 crisuiue
1315 3792 1368 3842 eb.
