3250 4350
672 380 854 472 Aruernos
873 417 899 472 v
1229 418 1295 484 523

344 587 405 646 He'e
425 589 525 661 putris
548 584 666 646 Aeneae
693 603 867 660 suspensam
893 588 1014 646 olonna
1030 589 1158 646 naiasin
1181 589 1296 662 pendia

271 679 470 755 pertemptant
495 679 638 734 nentem:
666 694 732 734 aum
755 676 829 734 haee
850 674 969 735 Aeneae
992 695 1060 735 oum
1082 678 1148 753 ipso
1171 677 1295 754 naviga·

276 764 540 841 tionis‘prinoipio
563 765 783 841 provenissent,
807 782 842 822 ex
865 783 1006 842 urspenso
1030 768 1061 824 at
1083 767 1184 825 saucio
1207 765 1294 825 viais-

277 854 408 913 sitndine
430 871 572 930 prospera
595 852 627 910 in
650 853 794 931 gaudium
816 857 938 929 repente
960 857 1095 914 mutatus
1119 857 1172 914 ast.
1217 856 1297 914 enon

228 945 358 1003 socius
389 944 484 1002 ononis
515 942 607 1002 nnete
637 943 744 1010 mulos,
781 943 894 1001 tntaede'
930 944 1066 1002 000000ἱο
1096 945 1182 1002 vedis:
1219 943 1295 1020 erigi

277 1033 452 1091 euasurum
482 1033 606 1091 navium
633 1030 753 1091 arbores
779 1030 864 1090 iubet
891 1034 922 1089 et
947 1032 1016 1091 vela
1043 1032 1120 1091 solvi
1145 1034 1294 1092 universa.

276 1139 340 1180 nnn
362 1136 460 1180 enenes
480 1121 572 1194 ferere
584 1121 704 1194 pedem:
727 1121 817 1179 simul
836 1138 936 1180 omnes
955 1119 1089 1199 adgressi
1106 1124 1177 1181 sunt
1193 1120 1284 1180 iussa.
1295 1126 1348 1176 830

271 1211 443 1282 pariterque
464 1211 598 1269 sinistros
620 1226 700 1268 nune
722 1210 838 1268 deutrus
859 1210 969 1269 eotuere
989 1212 1087 1278 sinus,
1110 1227 1174 1269 nne
1195 1211 1295 1269 ardna

277 1302 409 1372 manent
426 1315 538 1360 ennnn
555 1299 784 1371 detorqnentqne,
807 1299 909 1372 ferunt
929 1316 987 1358 sna
1008 1299 1144 1371 flamna
1158 1299 1294 1358 classem:

236 1409 263 1448 ro
276 1389 528 1464 tantumpotuit
559 1386 689 1446 iubentis
723 1389 900 1463 auotoritas,
932 1390 967 1446 ut
999 1387 1088 1446 simul
1120 1388 1294 1446 attollerent

275 1476 380 1551 malos,
403 1477 493 1534 simul
514 1476 582 1535 vela
605 1475 819 1552 suspenderent
841 1479 872 1535 et
894 1479 1044 1554 oportuna
1065 1476 1199 1536 facerent
1223 1495 1293 1535 ven·

275 1567 329 1639 tis,
350 1565 485 1640 deniqne
512 1564 635 1642 navigia
662 1566 764 1624 omnia
791 1564 911 1624 flatibus
938 1568 1089 1642 prosperis
1111 1565 1292 1625 ferebantur.

269 1657 411 1727 princeps
438 1658 506 1713 ante
533 1656 627 1713 annis
654 1655 777 1712 densnm
798 1653 963 1713 Palinurus
985 1656 1089 1728 apetnt
1110 1672 1228 1729 uprnen
1253 1655 1294 1714 ad

274 1745 353 1802 tune
375 1743 429 1801 eree·
451 1761 570 1802 enrsnm
593 1743 761 1801 contendere
787 1744 877 1801 inssi:
907 1742 1080 1818 Palinurus,
1109 1743 1189 1818 quod
1216 1745 1294 1803 esset
1361 1761 1364 1768 ·

231 1853 260 1893 re
274 1833 307 1889 in
328 1831 522 1910 ¹gubernandi
550 1833 614 1890 arte
641 1830 853 1908 peritissimus,
881 1833 994 1908 primus
1022 1832 1143 1891 tenebat
1166 1851 1294 1907 cursum,

275 1922 367 1980 aeteri
393 1911 478 1994 vero,
508 1921 561 1997 qui
587 1922 619 1979 in
647 1920 715 1979 aliis
742 1919 869 1979 naribus
897 1921 1030 1996 flrerant,
1061 1922 1161 1996 ipsum
1189 1939 1294 1997 seque-

274 2009 398 2085 bantur3
420 2010 476 2068 hoo
495 2010 574 2068 enim
592 2009 655 2068 illis
673 2009 775 2068 fuerat
792 2008 911 2068 Aeneae
929 2013 1089 2086 praecepto
1108 2010 1292 2070 mandatum.

273 2089 392 2174 iamque
412 2100 480 2172 ¹fere
506 2099 633 2157 mediant
661 2097 734 2158 caeti
759 2115 818 2156 non
845 2099 949 2157 nmtda
979 2102 1086 2157 meten
1113 2101 1346 2174 anteponeres

274 2191 335 2247 iam
368 2190 447 2248 forte
460 2221 462 2225 Α
475 2188 577 2246 media
608 2207 675 2246 nox1
699 2188 858 2266 agebatur,
889 2206 960 2264 pars
992 2190 1104 2265 quippe
1135 2190 1199 2248 eius
1230 2190 1293 2247 iam

230 2297 260 2339 ao
273 2280 557 2337 fuerat-transnata.
602 2276 713 2336 ideireo
737 2275 855 2336 addidit
877 2276 948 2351 fere,
970 2281 1005 2336 ut
1027 2278 1215 2337 aestimantis
1239 2296 1292 2354 po·

273 2367 335 2426 tius
359 2369 437 2426 esset
460 2385 550 2441 quam
573 2365 693 2425 definite
715 2367 954 2441 pronuntiantis3
979 2370 1057 2425 esset
1080 2368 1160 2425 enim
1182 2366 1291 2425 vitium

274 2458 394 2531 poetae,
422 2455 448 2515 si
476 2455 572 2514 noetis
599 2458 735 2531 tempusf
760 2454 840 2531 quod
861 2454 976 2531 liquido
1000 2456 1059 2515 diei
1081 2473 1141 2514 non
1164 2458 1292 2531 potarat,

273 2563 329 2620 pro
361 2543 521 2604 manifesto
554 2546 603 2602 et·
620 2545 740 2622 aegnito
776 2540 937 2621 poneretur
991 2545 1115 2617 plneidn
1151 2546 1294 2603 laxabant

273 2635 404 2692 menbra
435 2634 527 2707 quiete
558 2633 612 2692 snb
644 2635 732 2692 remis
763 2633 826 2706 fnse‘
848 2651 905 2707 per
932 2634 1010 2692 dnru
1037 2630 1142 2692 sedatio
1168 2637 1293 2693 nanee.-

229 2742 259 2783 re
273 2724 373 2781 totum
395 2721 442 2782 his
466 2721 561 2780 dedit:
584 2720 779 2797 dormiebant,
798 2722 907 2798 inquit,
925 2721 999 2781 vieti
1021 2723 1198 2782 nenessitate
1217 2726 1291 2782 tem·

273 2812 356 2888 poris
380 2813 411 2870 et
432 2810 564 2885 laboris‚-
584 2810 736 2869 faciebant
758 2811 827 2884 hoe,
853 2812 926 2886 quia
948 2813 1016 2869 tuta
1038 2812 1159 2871 drerant
1182 2808 1291 2881 omnia,

274 2902 318 2959 sio
344 2902 460 2973 tamen,
487 2901 523 2958 nt
548 2898 667 2977 remigii
695 2899 928 2959 sollicitudinem
952 2919 1013 2959 non
1035 2901 1068 2958 in
1089 2901 1188 2960 totum
1210 2900 1292 2961 vide-

273 2991 378 3047 rentur
400 2989 534 3049 omisisse
557 3006 612 3047 nee
634 2987 750 3048 deliciis
777 2986 936 3047 tradidisse
964 3008 1089 3065 eorpora
1115 3007 1184 3065 sua,
1212 2989 1315 3065 quod

272 3078 308 3136 fit
336 3096 404 3136 eum
431 3096 532 3136 seoure
560 3076 720 3150 dormitum
747 3096 819 3136 nam
846 3077 900 3136 sub
927 3078 1001 3153 ipsis
1027 3079 1116 3137 remis
1145 3081 1236 3154 atque
1257 3080 1292 3138 in

225 3189 258 3230 ao
272 3164 394 3226 sedibus
418 3166 509 3241 duris,
535 3166 594 3225 hoe
614 3167 660 3225 est
682 3166 765 3240 nullo
781 3168 931 3226 stramine
953 3169 1112 3243 procurato
1136 3185 1199 3227 sese
1222 3164 1290 3243 pro·

271 3258 418 3330 iecerant,
450 3258 485 3314 ut
519 3257 588 3330 ipsa
624 3256 702 3314 esset
738 3255 875 3330 refectio,
907 3255 934 3314 si
965 3257 1121 3331 paululum
1151 3260 1292 3332 caperent

273 3363 421 3420 somnum,
443 3346 582 3405 manente
607 3343 699 3402 officii
722 3343 923 3403 sollieitudine
946 3348 976 3404 at
1000 3344 1038 3405 ad
1057 3346 1186 3404 incertos
1205 3363 1291 3405 nasus

347 3512 593 3581 dperrene'asentlt
602 3513 789 3582 pron.r=L.
843 3515 1016 3638 dnauiginm
1025 3513 1077 3567 LR
1086 3488 1254 3568 mesenen
1284 3488 1286 3492 Ι

274 3590 310 3637 14
328 3600 411 3638 enran
424 3583 485 3653 LR,
500 3584 549 3638 sed
564 3584 601 3638 ad
615 3589 641 3653 3,
651 3589 703 3637 203
717 3600 828 3639 enrarna
841 3584 918 3654 quod

271 3654 382 3724 recapit
398 3654 443 3709 ad.
517 3661 551 3709 18
568 3656 660 3709 mena
678 3655 711 3709 R.
784 3661 818 3708 33
838 3657 971 3711 haerent
989 3656 1032 3709 ed.
1103 3659 1138 3709 30
1156 3673 1210 3711 ease
1225 3672 1292 3725 pro·

270 3728 397 3793 fecerant
413 3726 467 3779 th
483 3727 727 3795 aeae-proiecerunt
744 3741 795 3781 noa
819 3726 866 3797 (οἱ.Ι
878 3730 940 3798 778)
960 3728 1095 3796 praeunti
1111 3733 1192 3782 erant
1210 3727 1254 3781 ed.

272 3803 309 3851 32
328 3798 465 3852 somnienn
482 3797 534 3851 LR
553 3813 651 3851 eamr
669 3797 734 3866 ed!
754 3797 792 3852 ad
809 3798 996 3853 incertos-th
1012 3799 1045 3853 a'n
1062 3804 1148 3854 certos
1165 3798 1212 3854 ad.-

958 3602 1015 3655 arg.
1029 3583 1096 3639 libri
1111 3584 1249 3654 praebant
1262 3587 1292 3639 at
