3250 4350
670 420 854 476 AENEIDOS
873 422 885 474 1
1245 421 1287 485 ‘lb

266 592 364 667 partis
387 591 538 668 ingressus
560 591 653 650 latius
676 590 828 650 discussit!
863 608 939 667 quas
963 610 999 649 ne
1023 592 1156 665 apertius
1175 591 1287 650 diceret

264 679 457 756 praepedivit
479 681 647 739 necessaria
669 699 724 755 pro
747 680 823 754 loco,
842 699 897 755 pro
920 684 1063 755 tempore,
1086 699 1141 755 pro
1158 698 1287 754 persona

264 769 407 828 brevitas.
453 767 569 828 Aeneas
593 771 672 827 enim
694 772 726 827 in
750 769 836 843 silva,
858 770 1032 846 naufragus,
1051 787 1147 827 suum
1160 771 1191 828 et
1213 789 1286 828 nau-

264 860 422 936 fragorum
446 858 594 916 sociorum
616 860 771 935 negotium
793 877 898 936 gerens
921 858 1030 934 perid
1056 860 1200 933 temporis
1227 878 1286 934 quo

237 949 396 1010 emiseriis
419 949 483 1006 suis
506 947 647 1023 cupiebat
670 947 860 1023 aliquatenus
883 947 1037 1007 subveniri
1058 947 1203 1006 tenendus
1226 967 1287 1007 non

264 1038 326 1095 fuit
359 1036 449 1114 longo
480 1039 566 1095 textu
598 1035 750 1096 sennonis.
796 1039 897 1096 tamen
930 1039 956 1096 si
987 1036 1191 1095 consideretur
1219 1038 1287 1111 ipsa

263 1126 412 1200 brevitas,
440 1126 622 1184 latissimum
646 1126 731 1185 dabit
752 1125 940 1184 intellectum
963 1125 1179 1185 rhetoricorum
1200 1143 1286 1201 prae-

263 1220 431 1290 ceptorum.
477 1216 522 1274 ait
549 1215 627 1273 euim
655 1215 707 1274 ille
734 1215 790 1274 hoc
818 1217 864 1274 est
890 1217 1052 1274 sceleratus
1082 1218 1113 1274 et
1144 1215 1286 1291 nefarius,

264 1305 318 1363 ille
343 1303 380 1362 de
404 1322 462 1379 quo
486 1304 563 1362 nihil
585 1303 704 1364 sceleris
727 1304 913 1397 spepabatur,
935 1306 987 1363 ille
1010 1323 1071 1377 rex,
1091 1322 1179 1379 quem
1201 1304 1287 1363 nulla

223 1415 250 1455 10
264 1394 305 1452 ad
320 1392 497 1469 inplendum
515 1393 611 1452 scelus
629 1393 756 1470 cogebat
773 1393 877 1469 inopia
895 1395 1001 1470 cuique
1020 1396 1197 1469 supereraut
1215 1412 1286 1467 opes

263 1484 383 1559 regiae,
408 1482 461 1541 ille
489 1501 578 1557 quem
606 1486 786 1541 convenerat
812 1501 915 1541 amare
942 1485 1051 1544 sororis
1080 1499 1154 1542 suae
1178 1484 1286 1556 virum,

264 1572 318 1629 ille
344 1572 396 1646 qui
420 1589 594 1649 germanam
617 1590 702 1631 suam
724 1573 790 1632 viro
812 1573 933 1648 privare
956 1593 1016 1633 non
1040 1571 1204 1645 dubitavit,
1234 1571 1287 1648 qui

267 1679 386 1719 servare
413 1662 514 1736 potius
542 1659 671 1720 adfinem
702 1661 806 1720 debuit
838 1680 930 1737 quam
961 1680 1080 1738 necare,
1109 1659 1285 1737 Sychaeum,

267 1749 418 1807 hominem
440 1751 603 1823 innoxium,
627 1769 716 1824 quem
734 1770 876 1829 generum
893 1752 981 1826 pater
999 1751 1122 1828 dignum
1139 1751 1287 1809 iudicavit

224 1860 251 1899 1⁵
268 1839 315 1895 cui
350 1838 484 1897 traderet
514 1838 609 1898 filiam
641 1839 738 1898 adhue
769 1840 918 1916 virginem
949 1844 980 1899 et
1015 1841 1139 1898 alterius
1175 1842 1285 1899 amoris

265 1927 449 1987 nescientem
472 1929 557 2002 eique
580 1927 679 2004 prima
701 1929 888 1988 matrimonii
908 1930 1129 1988 consecratione
1147 1929 1284 1988 coniunc-
1372 1969 1375 1974 -

263 2020 339 2091 tam,
365 2018 521 2091 acceptum
544 2018 634 2092 patri,
662 2018 823 2076 amabilem
846 2019 949 2092 sorori,
971 2020 1083 2076 faciens
1106 2021 1211 2076 contra
1233 2037 1285 2076 na-

264 2110 353 2163 turae
381 2105 570 2183 religionem,
603 2106 714 2165 faciens
743 2110 848 2166 contra
878 2107 1024 2166 iudicium
1054 2107 1162 2183 patris,
1194 2109 1284 2183 rupto

264 2195 464 2255 humanitatis
479 2198 509 2253 et
523 2194 689 2256 adfinitatis
707 2197 836 2273 vinculo,
852 2199 972 2257 necavit
989 2198 1146 2271 insontem,
1166 2199 1285 2256 necavit

222 2306 249 2345 so
263 2284 434 2357 incautum,
468 2287 558 2359 atque
586 2305 621 2346 eo
651 2286 783 2362 facilius,
817 2286 898 2363 quod
928 2286 1005 2345 talia
1036 2304 1096 2344 non
1128 2288 1286 2361 putaretur

263 2391 406 2447 aramue,
429 2374 538 2432 oceidit
561 2377 631 2434 ante
654 2368 730 2449 aras,
753 2379 788 2435 ut
809 2375 1000 2453 sacrilegium
1023 2394 1141 2451 quoque
1159 2375 1205 2433 his
1224 2393 1285 2434 see·

263 2461 378 2521 laribus
401 2465 542 2537 necteret,
565 2463 674 2523 occidit
697 2468 767 2523 ente
791 2483 859 2524 aras
882 2465 938 2523 hoc
961 2466 1008 2525 est
1032 2466 1090 2523 diis
1117 2464 1285 2538 inspectan-

262 2551 356 2625 tibus,
376 2570 450 2626 quos
467 2552 599 2611 humana
617 2554 706 2613 caede
724 2554 877 2613 funestare
895 2572 956 2612 non
974 2553 1085 2612 debuit
1116 2556 1185 2629 post
1202 2553 1284 2627 baec,

264 2645 298 2699 ut
328 2639 403 2699 facti
430 2642 523 2716 ipsius
551 2641 803 2701 demonstratione
831 2661 970 2718 expressa
998 2662 1118 2702 eausam
1148 2642 1285 2701 scelerati

220 2753 247 2793 es
263 2729 397 2788 bominis
420 2732 577 2805 premeret,
600 2732 644 2789 ait
667 2733 758 2805 atque
780 2734 847 2790 auri
865 2750 970 2792 caecus
990 2751 1098 2806 amore,
1117 2734 1151 2789 ut
1169 2730 1285 2789 nullam

264 2820 293 2875 ei
327 2817 507 2878 defensionis
538 2819 721 2895 relinqueret
751 2824 870 2896 partem
903 2840 963 2896 qua
994 2822 1041 2879 uti
1072 2822 1200 2897 possunt
1231 2820 1285 2895 qui

264 2907 369 2982 aliqua
396 2907 542 2967 violentie
569 2909 664 2983 pressi
693 2912 746 2969 aut
773 2910 805 2967 in
833 2928 864 2969 se
892 2914 946 2969 aut
972 2912 1005 2968 in
1033 2910 1108 2968 alios
1130 2912 1286 2969 vertenmt

263 2997 364 3071 inpias
387 3014 502 3055 manus.
548 2998 624 3057 clam
648 3000 783 3082 ¹superat3
806 3000 907 3059 nullus
930 3000 1010 3057 enim
1033 3001 1145 3058 secreto
1169 2999 1285 3074 aliquid

263 3080 414 3161 †sceleris
442 3086 561 3145 conficit
582 3087 640 3146 nisi
665 3089 719 3162 qui
741 3088 817 3147 sciat
841 3106 872 3147 se
895 3087 1012 3146 inlicita
1034 3091 1284 3164 perpetraturum

340 3316 352 3360 1
374 3314 515 3376 quas-3
533 3311 651 3365 brevitas
668 3311 769 3365 misere
789 3310 915 3379 corrupit
933 3311 976 3363 ed.
1045 3317 1062 3364 4
1081 3316 1186 3379 ternpus
1204 3311 1247 3363 ed.

264 3386 280 3431 6
300 3386 430 3434 carunto
448 3381 491 3435 ed.
509 3382 748 3451 [consideraretur
766 3383 808 3436 ed.
874 3388 890 3436 9
910 3401 928 3435 a
946 3398 999 3450 quc
1017 3384 1060 3435 nil
1078 3383 1121 3436 ed.
1187 3386 1220 3434 10
1238 3399 1284 3436 su·

261 3458 394 3519 pererant
412 3451 464 3504 LR
481 3460 643 3520 superarent
661 3454 704 3507 ed.
766 3460 797 3506 11
818 3470 897 3522 quent
915 3453 967 3505 LR
985 3456 1032 3508 eui
1050 3454 1094 3507 ed.
1155 3459 1188 3506 14
1203 3459 1285 3521 pater

264 3540 320 3576 om.
335 3522 379 3576 ed.
433 3529 466 3576 15
480 3524 646 3578 ornaresth
659 3542 776 3579 aurorem
792 3524 949 3579 ademeris
961 3543 1022 3579 nos.
1076 3530 1108 3577 16
1123 3524 1283 3578 eosLRed.

263 3596 342 3663 eique
360 3611 419 3648 nos.
436 3596 440 3666 1
457 3595 630 3649 maturatam
644 3596 697 3649 th
715 3603 768 3650 -tos
786 3595 807 3647 L
827 3596 852 3648 Π
869 3613 906 3649 m.
926 3597 969 3650 ed.
1031 3601 1062 3649 17
1083 3601 1221 3663 acceptam
1240 3595 1282 3647 ed.

320 3670 353 3717 23
378 3667 595 3735 inspectantebus
617 3666 669 3719 th
690 3668 900 3735 respicientibus
923 3668 966 3723 ed.
1044 3671 1153 3722 ‘ld-‘lb
1179 3666 1292 3737 aliquid

262 3737 372 3791 secures
389 3736 443 3791 th
461 3738 502 3791 ed.
524 3738 632 3792 sceleris
652 3738 776 3793 deletum
798 3739 860 3796 vult
878 3759 894 3796 r
916 3759 977 3801 non
995 3742 1102 3801 dubito
1123 3740 1199 3813 quin
1213 3741 1309 3795 reete.

313 3813 348 3856 29
355 3812 578 3871 praematurum
595 3808 649 3860 ,ΕΗ
668 3810 719 3865 edl
737 3816 872 3888 corrupit
893 3818 966 3877 edF,
