3250 4350
652 428 852 486 ·AENEFDOS
870 430 883 484 Ι
921 438 924 444 “
942 454 944 458 ’
1243 431 1284 494 17

264 602 368 661 firmat
388 601 513 661 aenean
537 600 693 660 defendere
714 601 847 676 potuisse
870 602 996 678 integris
1019 600 1126 676 opibus
1152 601 1284 676 patriam

264 709 365 766 suam,
396 692 423 748 ai
454 690 520 748 ista
550 708 611 750 non
635 689 842 765 obstitissent,
874 688 944 748 cum
975 687 1089 749 adserit
1116 691 1160 748 inv
1177 689 1283 749 alienis

264 781 362 838 terris-
384 798 453 839 enm
480 779 516 837 de
541 778 678 854 reliquiis
700 777 860 854 imperium
888 780 1079 855 qsmesiuisee.
1123 779 1288 851 masmae

263 887 322 942 per
342 885 438 927 annos
461 869 601 927 errabant
622 868 680 926 acti
701 869 774 940 fatie
795 869 896 926 mar-to
917 869 1017 927 omnio
1039 869 1162 926 circum:
1184 870 1287 927 tentae

241 957 353 1022 amab
374 961 440 1017 erat
461 957 628 1015 Romanam
651 957 771 1015 madere
790 961 918 1030 emtam:
949 956 1141 1016 notatarum
1166 956 1284 1016 ratione

269 1049 350 1123 passi
372 1047 539 1106 videantur*
556 1063 632 1121 quae
655 1048 760 1104 contra
781 1045 879 1104 fatum
901 1045 977 1104 Iuno
1000 1044 1144 1119 faciebat,
1171 1047 1214 1105 sic
1236 1064 1284 1105 or·

269 1135 391 1196 etnam
408 1153 512 1196 sensus
530 1135 694 1194 narrantis:
717 1133 756 1193 ad
774 1134 958 1194 condendam
976 1134 1143 1194 Romanam
1165 1137 1285 1211 gentem

268 1225 381 1284 multos
406 1243 461 1301 per
488 1241 582 1283 annos
609 1222 750 1282 emebant
771 1225 869 1282 maria
892 1225 993 1282 omnia
1015 1225 1135 1283 circum.
1180 1225 1284 1282 tentae

267 1314 356 1373 motis
381 1324 446 1372 erat
468 1313 635 1372 Romansm
658 1312 783 1372 condere
808 1315 940 1391 gentem3
977 1331 1088 1390 magna
1115 1313 1195 1371 enim
1221 1312 1299 1371 sine

228 1429 254 1467 ιο
266 1421 378 1480 magno
404 1402 506 1461 labore
533 1401 621 1461 condi
647 1421 708 1461 non
734 1404 868 1478 possunt.
914 1401 1055 1460 laudatur
1086 1402 1135 1460 hic
1167 1419 1288 1478 quoquc

266 1510 371 1551 eornm
395 1493 491 1550 virtus
514 1493 568 1569 qui
589 1510 643 1550 nec
665 1491 752 1550 malis
775 1491 992 1570 frangebantur
1013 1509 1072 1550 nec
1085 1490 1284 1550 diuturnitate

264 1581 411 1657 temporis
439 1584 470 1639 et
496 1581 600 1639 omnia
625 1580 745 1639 fortiter
771 1579 955 1655 tolerabant,
988 1582 1022 1638 ut
1054 1581 1202 1656 superatis
1232 1579 1284 1637 ad-

264 1668 424 1729 versis‘ad
446 1671 644 1729 retentionem
666 1669 761 1729 debiti
782 1670 903 1745 imperii
923 1671 1123 1746 pervenirent

341 1759 400 1818 Vin
427 1777 442 1817 e
468 1763 620 1832 compecto
641 1756 758 1816 Siculae
780 1759 893 1816 telbera‘s
914 1761 948 1816 to
970 1759 1064 1817 altam
1085 1759 1151 1817 celo
1174 1758 1338 1817 debentes

228 1872 253 1911 xe
268 1849 351 1907 laets·
375 1847 532 1907 ordinatur
549 1864 652 1906 sensus
671 1847 727 1906 sic:
750 1865 766 1905 c
789 1849 949 1924 conspectu
973 1846 1091 1906 Siculae
1112 1847 1229 1906 tellunis
1252 1849 1284 1905 in

268 1933 379 1996 altum·
398 1936 467 1996 vela
498 1936 612 1995 dabant
642 1935 693 1994 vix
724 1936 810 2010 laeti3
844 1935 976 2012 perierat
1006 1934 1086 1994 enim
1116 1937 1150 1994 in
1182 1935 1289 1994 etoilia

267 2026 415 2086 Anchises
434 2027 465 2084 et
481 2027 618 2101 proxima
637 2028 702 2084 erat
719 2024 819 2084 Italia.
858 2024 1001 2084 dolebant
1017 2024 1156 2084 Anchisia
1175 2043 1285 2097 casnm,

266 2114 462 2175 laetabantur
485 2109 586 2174 sutem
610 2114 689 2192 quod
711 2115 787 2174 hsut
809 2115 914 2191 procul
934 2112 1129 2188 esset-Italia.
1174 2116 1285 2190 tempe-

267 2207 352 2264 ravit
373 2206 468 2281 igitur
489 2206 650 2282 utrumque
668 2203 826 2282 Vergilius
844 2206 875 2263 et
896 2203 1042 2280 expressit
1064 2207 1232 2279 utrumque,
1250 2207 1287 2263 ut

227 2318 254 2357 ro
268 2294 385 2354 diceret
406 2295 457 2351 vix
481 2294 562 2353 lasti.
598 2307 663 2353 cum
680 2294 762 2352 Iuno
783 2296 938 2352 caenum
955 2310 1078 2353 caseos
1099 2282 1286 2365 sab'peetore

267 2384 379 2442 cedam
405 2384 475 2441 baec
501 2400 613 2441 socom:
646 2400 714 2441 cnm
740 2383 820 2441 enim
843 2382 1021 2443 advertisset
1042 2381 1118 2442 Iuno
1141 2382 1287 2444 Troianos

266 2472 305 2531 dc
328 2472 523 2548 proximitate
545 2470 654 2531 Italiae
677 2472 833 2550 gratulari,
857 2471 979 2531 vulnere
1002 2472 1096 2530 animi
1119 2470 1199 2547 quod
1220 2471 1286 2545 per-

265 2564 395 2637 petuum
416 2560 568 2634 retinebat
587 2562 684 2639 magis
706 2561 862 2639 magisque
889 2560 988 2637 coepit
1013 2562 1123 2639 urgeri
1168 2559 1287 2618 exclusa

266 2651 365 2727 igitur
389 2650 431 2708 ab·
449 2651 626 2709 inventione·
644 2649 778 2724 nocendi,
801 2650 922 2709 exclusa
945 2651 1011 2709 loco
1034 2653 1221 2724 attempero
1244 2650 1287 2707 sic

226 2761 252 2803 se
267 2740 366 2798 animi
389 2740 438 2797 sui
456 2737 573 2798 dolores
591 2741 623 2797 et
641 2740 769 2817 gemitus
782 2739 909 2797 intimis
927 2738 1069 2798 sensibus*
1081 2737 1287 2798 enumerabat:

269 2846 352 2887 meare
378 2830 490 2902 incepto
518 2829 653 2887 desistere
679 2829 806 2887 metam?
855 2827 953 2903 qualis
974 2830 1066 2887 'vetus
1094 2832 1125 2886 ct
1149 2829 1287 2903 pertinax

267 2919 395 2976 inimica
422 2918 619 2995 cogitationes
646 2917 755 2975 habere
783 2916 918 2976 debuerit
949 2936 1009 2976 non
1042 2918 1105 2975 sino
1137 2918 1287 2975 rhetorica

268 3006 432 3081 disciplina
454 3009 544 3081 poeta
567 3005 730 3082 conposuit.
767 3005 943 3065 inducturus
962 3008 1041 3066 enim
1059 3007 1219 3065 saevientis
1239 3005 1287 3063 de-

267 3095 397 3154 ficientis
430 3095 618 3154 inventiones
647 3094 694 3154 ad*
714 3095 881 3153 nocendum
911 3094 1033 3154 inducto
1065 3093 1288 3169 comparativae

228 3184 430 3260 aequalitatis
458 3184 541 3243 stetu
567 3203 621 3261 por
649 3184 747 3243 aliena
775 3186 910 3260 exempla
937 3184 1063 3242 nocendi
1090 3183 1216 3243 consilia
1234 3180 1287 3242 ¹iu·

269 3276 362 3333 vente
394 3275 616 3333 commemorat.
669 3275 815 3348 conparat
846 3292 916 3351 crgo
942 3272 1018 3332 Iuno
1050 3291 1192 3350 personas
1221 3291 1288 3331 cum

270 3364 416 3438 personis,
439 3363 496 3420 boc
519 3364 565 3421 est
587 3380 671 3422 suam
695 3364 727 3421 st
747 3361 909 3435 Minervae,
928 3362 1127 3421 Troianorum
1149 3365 1179 3420 et
1198 3359 1288 3421 Grae·

271 3469 388 3526 corum,
414 3450 644 3530 inimicitiarum
671 3470 790 3527 quoquc
818 3470 922 3510 causas
950 3451 1077 3525 confert,
1108 3450 1289 3509 Graecorum

346 3609 359 3656 1
379 3603 495 3673 {stapris
512 3603 611 3671 spebus
629 3619 682 3655 om.
703 3602 745 3656 ed.
816 3608 845 3655 Ὶ3
864 3619 925 3656 eum
943 3604 975 3657 de
993 3602 1122 3672 reliquata·
1136 3617 1188 3655 orn.
1208 3602 1252 3656 cd.

274 3675 289 3726 9
306 3677 501 3744 mopso-10
516 3680 635 3743 poseant
653 3689 706 3728 om.
727 3673 769 3729 ed.
857 3679 891 3728 12
909 3678 1030 3730 ret-18
1049 3675 1228 3747 peooeumsu
1241 3673 1302 3728 bb

273 3744 621 3813 et-eroreepeoantoa
704 3746 869 3803 saumae
887 3750 1103 3823 campane
1140 3774 1142 3777 >
1190 3756 1316 3806 arou

263 3816 390 3881 paeones
405 3828 455 3864 om,
473 3813 517 3864 ed.
820 3830 822 3834 ’
946 3863 948 3865 ,
1121 3866 1124 3871 ,
1225 3857 1242 3865 .,
1299 3830 1302 3836 ·

302 3906 358 3943 Bon,
371 3906 464 3950 interpr,
479 3906 540 3955 Vere
567 3908 609 3947 rol.
624 3911 644 3952 Ι,
1073 3928 1094 3977 2
1397 3911 1403 3976 p
