3250 4350
652 411 835 467 aunarnos
853 412 892 466 iv
1219 415 1285 480 385

267 582 324 641 sub
356 583 436 660 leges
469 585 545 642 esset
576 583 696 641 1611666
728 582 912 660 suffragante
944 583 1097 642 missurus.
1142 586 1169 642 si
1199 585 1285 644 uallo

267 672 399 731 accendit
422 675 572 731 tecturam
591 672 688 744 glorio
709 689 809 730 rerum
831 688 883 730 aec
904 689 993 744 saper
1012 674 1075 744 epse
1092 689 1149 730 suc
1165 675 1285 733 16611161

267 761 357 820 luade
384 762 524 828 laborem,
552 758 719 819 Ascanione
744 765 834 834 poter
860 760 1014 819 Roueoaos
1044 761 1155 820 incidet
1183 764 1285 822 orces?

267 851 340 923 qaid
368 850 474 908 struit?
506 853 559 908 aot
585 867 644 922 qao
671 867 721 923 spe
747 851 869 908 16116166
897 851 929 914 iu
955 852 1039 922 96616
1064 854 1198 909 muctar
1224 858 1338 912 666135

236 961 250 1001 e
261 939 379 1013 prolem
401 936 567 997 Ausoniam
590 943 616 997 et
637 938 770 997 Lauinio
791 940 909 1012 respicit
931 939 1028 998 arou?
1068 941 1192 1013 maipa,
1215 941 1286 1000 hoec

268 1045 386 1085 summo
409 1031 457 1095 est,
480 1029 526 1086 116
548 1029 641 1085 oostri
662 1029 784 1086 acatius
807 1032 873 1086 esto.
919 1029 946 1086 si
968 1027 1062 1101 nulla,
1084 1030 1193 1106 inquit,
1217 1047 1292 1088 eum·

268 1117 335 1194 agit
362 1117 457 1174 futuri
483 1116 626 1190 temporis
654 1135 721 1193 spes
749 1135 802 1175 nee
830 1118 978 1176 excitatur
1003 1116 1093 1176 rebus
1120 1118 1208 1178 laetis
1231 1138 1284 1178 nec

269 1205 522 1280 contemplatione
549 1206 647 1264 laudis
676 1205 808 1281 aliquem
834 1206 968 1266 laborem
995 1206 1131 1280 molitur,
1158 1208 1214 1266 hoe
1239 1213 1285 1267 est

268 1295 296 1353 si
315 1297 440 1369 >torpeus
464 1296 525 1353 otio
544 1314 604 1355 non
622 1295 689 1354 vult
705 1295 842 1354 laborare
859 1314 914 1371 pro
933 1295 1032 1374 gloria
1050 1314 1113 1370 sua,
1132 1299 1162 1354 et
1180 1300 1286 1361 eontra

222 1407 251 1445 ro
268 1383 443 1441 institutum
464 1386 589 1442 naturae
612 1385 724 1442 faciens
747 1385 862 1443 invidat
884 1384 946 1444 filio
967 1385 1128 1460 imperium
1144 1385 1285 1445 tantum?

268 1472 343 1548 quid
375 1469 486 1530 struit?
519 1476 572 1531 aut
604 1491 663 1547 qua
700 1491 752 1546 spe
788 1472 911 1532 inimica
945 1474 979 1531 iu
1010 1478 1098 1551 gente
1130 1473 1284 1534 moratur?

269 1560 342 1636 quid
366 1562 449 1619 fovet
468 1559 637 1625 aemulam?
660 1561 732 1636 quid
756 1563 867 1620 extruit
884 1561 1058 1622 inimicam?
1094 1581 1148 1622 nec
1170 1565 1292 1639 prolem·

266 1650 436 1709 Ausoniam
459 1668 512 1708 nec
534 1649 661 1708 Lavinia
683 1650 805 1725 respicit
828 1649 923 1709 arva?
960 1670 1013 1710 cur
1034 1671 1095 1711 666
1118 1653 1286 1712 considerat

266 1758 323 1798 neo
351 1739 436 1814 ponit
464 1742 532 1798 ante
556 1740 656 1798 oculos
680 1739 801 1798 Italiam
824 1742 855 1798 et
876 1741 1084 1815 posteritatem
1108 1758 1200 1816 quam
1221 1741 1285 1801 illic

220 1852 249 1892 1⁵
266 1828 425 1886 habiturus
444 1831 490 1887 est
509 1827 588 1902 apud
606 1827 733 1887 Lavinia
751 1826 863 1887 litora?
886 1830 1049 1903 quaeritur,
1068 1848 1135 1888 cum
1154 1830 1285 1889 nondum

267 1918 386 1975 Aeneas
419 1917 458 1976 ad
489 1916 609 1976 Italiam
641 1919 784 1991 venisset,
822 1918 955 1976 nondum
986 1916 1144 1976 Lauiniam
1175 1922 1285 1994 nosset,

266 2006 400 2064 nondum
423 2005 584 2065 Lavinium
611 2006 755 2081 oppidum
782 2006 975 2080 condidisset,
1003 2025 1055 2064 eur
1079 2007 1128 2066 hic
1150 2011 1285 2083 posuerit

266 2113 323 2152 nec
345 2095 460 2170 prolem
483 2095 649 2154 Ausoniam
670 2113 725 2153 nec
743 2094 871 2154 Lavinia
893 2098 1017 2171 respicit
1039 2115 1120 2155 arra.
1162 2116 1197 2156 ex
1219 2118 1284 2174 per-

267 2203 343 2243 sona
361 2185 440 2243 Iovis
463 2186 537 2244 bene
560 2187 713 2260 prooessit,
737 2185 879 2261 quoniam
901 2180 1147 2245 futura‘noverat
1166 2191 1196 2246 et
1213 2207 1283 2247 ren-

220 2300 251 2338 uo
267 2279 338 2333 tura
370 2274 443 2333 bene
474 2274 581 2332 habuit
613 2277 741 2351 cognita.
787 2276 921 2352 navigate
954 2277 980 2334 si
1011 2275 1079 2348 illa,
1110 2277 1222 2350 inquit,
1251 2279 1284 2334 iu

268 2363 450 2422 oblivionem
483 2363 566 2421 duxit
599 2366 629 2422 et
660 2364 806 2441 neglegit,
840 2363 952 2423 sufficit
984 2366 1014 2423 61
1045 2364 1076 2422 11
1109 2365 1218 2437 solum,
1250 2369 1284 2423 ut

267 2453 408 2509 inimicae
428 2450 619 2528 Carthaginis
638 2453 772 2511 exclusus
790 2452 898 2511 finibus
916 2455 1046 2530 naviget.
1076 2453 1149 2511 haec
1168 2472 1283 2512 summa

268 2543 328 2614 est,
355 2541 404 2599 hie
431 2542 528 2599 nostri
553 2543 677 2601 nuntius
705 2544 781 2601 esto:
817 2542 1040 2616 mandatorum,
1072 2544 1183 2616 iuquit,
1210 2543 1283 2601 haec

268 2648 386 2689 summa
413 2632 466 2688 est.
512 2630 561 2687 hie
588 2632 683 2689 nostri
711 2632 833 2688 nuntius
861 2633 938 2690 esto:
970 2631 1044 2689 haec
1066 2634 1111 2689 est
1134 2631 1283 2690 conclusio

220 2742 250 2783 25
267 2718 391 2777 definita
414 2720 575 2793 praecepti,
594 2722 628 2777 ut
650 2719 801 2795 relinquat
822 2718 1032 2796 Carthaginem
1055 2719 1233 2797 navigando,
1253 2724 1283 2779 61

267 2809 325 2865 166
344 2807 440 2865 solnm
459 2807 486 2864 ei
504 2807 573 2865 volo
592 2808 732 2866 nuntiari.
770 2807 948 2866 conferenda
971 2812 1040 2867 sunt
1059 2827 1135 2883 quae
1153 2808 1283 2868 Hiarbas

267 2898 301 2953 in
324 2895 471 2954 invidiam
494 2896 620 2955 contulit
641 2899 671 2956 61
690 2895 939 2972 quemadmodum
957 2897 1030 2955 haec
1048 2899 1195 2971 acceperit
1213 2898 1283 2973 Iup-

267 2987 356 3060 piter,
380 3004 417 3043 ne
440 2988 593 3043 remaneat
615 2986 753 3060 illud,ut
774 2985 806 3043 16
830 2985 998 3045 exclusione
1016 2985 1135 3044 Aeneae
1153 2986 1283 3047 Hiarbas

268 3073 438 3133 vindicatus
466 3092 529 3132 esse
556 3074 701 3133 videatur.
747 3093 806 3134 non
834 3075 878 3133 ita
906 3078 959 3133 est.
1004 3074 1141 3151 Iuppiter
1164 3078 1283 3154 quippe,

342 3303 357 3348 3
373 3313 522 3351 osooaeoae
531 3296 590 3349 LR.
608 3298 613 3365 Ι
628 3296 720 3350 lucide
730 3295 789 3349 LR.
841 3302 857 3349 5
872 3299 990 3351 ausonia
1003 3315 1052 3351 aee
1063 3298 1092 3351 L.
1144 3299 1284 3353 6611666161

267 3371 335 3438 post
353 3375 407 3422 esto
425 3367 555 3436 interpol.
570 3367 613 3421 ed.
674 3373 689 3419 9
708 3373 734 3421 et
751 3367 864 3422 caea
884 3369 1000 3423 etiamne
1019 3372 1148 3437 expectes
1166 3369 1197 3422 in
1215 3386 1283 3439 apo-

268 3440 340 3494 dosi.
433 3444 465 3492 12
489 3439 585 3493 estruit
606 3440 747 3494 inimicam
770 3438 822 3493 LR
843 3439 1010 3493 6116116611
1032 3441 1147 3494 inimico
1168 3441 1210 3495 61.

269 3518 304 3566 13
319 3528 369 3565 car
382 3517 527 3565 noa—18
542 3527 611 3564 croc
624 3525 677 3562 om.
688 3510 732 3562 ed.
783 3509 1101 3565 eoioaRillamLed.
1153 3517 1185 3564 21
1201 3511 1283 3565 duait

267 3591 293 3637 et
316 3598 374 3636 aaa
397 3582 497 3636 licetL
525 3581 738 3652 daaitsflsflieet
766 3597 830 3634 cum
857 3596 910 3634 ras.
930 3580 956 3633 R
984 3581 1009 3633 d.
1029 3598 1086 3635 noa
1108 3583 1125 3636 1.
1145 3582 1189 3635 61.
1212 3583 1238 3634 d.
1257 3589 1284 3635 61

266 3655 386 3724 neglegit
403 3670 461 3706 nos.
488 3656 491 3721 Ι
525 3654 649 3720 sufficere
666 3653 696 3706 11
713 3653 801 3707 solua
818 3651 937 3706 61111
956 3667 1017 3720 exp.
1036 3653 1238 3721 hocsuperscr.

267 3725 374 3792 sufficit
391 3731 416 3778 et
419 3726 464 3849 did
481 3724 569 3779 solam
586 3730 618 3777 at
635 3740 686 3780 nos
704 3723 749 3778 116
766 3723 910 3781 immorari
927 3720 975 3777 sed
992 3723 1035 3777 ed.
1104 3728 1138 3777 29
1156 3740 1214 3778 aaa

266 3814 336 3853 aum
355 3812 382 3850 u.
402 3810 417 3855 θ
439 3836 445 3856 .

322 3895 381 3935 Don.
396 3895 490 3944 interpr.
504 3894 574 3945 Vorg.
594 3894 640 3935 vol.
649 3894 668 3935 1.
1035 3888 1074 3937 ‘dli
