3250 4350
317 402 364 456 XL
719 402 928 457 PRAEFATIO

316 573 436 630 circiter
458 573 538 646 440,
560 590 639 647 quae
662 590 723 630 non
745 573 911 648 supplerit,
939 571 1087 647 quaedam
1109 570 1174 646 ipse
1195 569 1335 646 deliquit.

316 661 391 720 baec
411 664 501 719 tanta
522 659 695 732 multitudo,
714 661 856 736 quoniam
874 659 968 719 HOU
989 661 1079 736 longe
1100 659 1238 736 plurimis
1261 659 1335 718 loeis

316 751 468 827 integrum
493 752 609 808 textum
635 749 793 824 praebent,
825 749 891 808 fieri
916 769 978 808 non
1004 752 1105 824 potest
1133 752 1171 807 ut
1202 747 1334 807 eiusdem

315 838 451 896 familiae
482 837 590 912 codici,
619 837 760 898 editionis
792 837 1001 914 „archetypo“,
1031 839 1207 912 imputetur.
1253 837 1334 912 quod

317 931 418 986 autem
449 930 595 1002 quattuor
626 927 699 986 locis
730 929 822 1003 primi
853 927 922 986 libri
954 946 982 986 v.
1003 931 1031 985 1.
1061 929 1133 985 214.
1163 927 1235 986 310.
1268 928 1333 984 474

317 1018 427 1076 omissa
446 1034 464 1074 a
482 1016 588 1074 Flavio
603 1015 756 1075 Fabricius
775 1017 914 1092 suppleta
932 1015 1033 1090 babet,
1050 1016 1139 1075 facile
1158 1015 1334 1090 explicatur,

318 1107 346 1163 si
364 1125 400 1163 ea
418 1106 450 1162 in
468 1105 631 1180 exemplari
649 1105 728 1180 quod
747 1105 876 1180 Neapoli
894 1106 1014 1180 pararit
1032 1105 1064 1163 in
1083 1104 1217 1180 margine
1235 1122 1334 1162 emen·

317 1194 390 1253 data
411 1195 503 1254 fluisse
525 1197 621 1269 putea
654 1193 792 1253 breviora
810 1213 887 1273 quae
905 1195 954 1253 rel
972 1193 1094 1252 Flavius
1112 1194 1161 1251 vel
1179 1192 1334 1252 Fabricius

316 1285 419 1343 omisit
440 1282 672 1342 innumerabilia
695 1283 812 1340 dixeris.
859 1284 938 1341 inter
960 1284 1072 1341 omissa
1093 1282 1192 1341 locum
1215 1300 1333 1356 quoque

318 1372 456 1431 Sallustii
479 1371 659 1447 deprehendi
680 1376 708 1445 9,
724 1374 798 1446 225,
816 1372 937 1443 mallem
955 1371 1150 1430 historiarum
1168 1389 1261 1446 quam
1278 1371 1333 1428 Ca·

319 1462 431 1519 tilinae.
478 1460 683 1519 additamenta
710 1460 852 1519 editionis
879 1461 1024 1536 principis
1050 1459 1147 1518 tribus
1169 1461 1255 1518 anxit
1277 1459 1333 1517 Fa-

316 1550 426 1608 bricius
453 1552 480 1623 1,
496 1550 582 1607 346⁸.
608 1552 636 1625 2,
651 1552 725 1609 429.
753 1551 893 1621 12101.
939 1567 1132 1625 quaecunque
1153 1548 1243 1621 idem,
1266 1567 1333 1607 cum

316 1638 348 1696 in
376 1639 508 1698 editione
531 1638 732 1714 Neapolitana
761 1642 815 1698 aut
841 1656 916 1698 sana
942 1645 1041 1696 essent
1069 1641 1122 1695 aut
1148 1638 1272 1713 propius
1295 1635 1333 1694 ad

316 1746 420 1786 verum
448 1726 649 1802 adspirarent,
675 1728 724 1787 vel
747 1727 963 1786 transcribendi
987 1727 1176 1805 neglegentia
1198 1726 1246 1785 vel
1268 1745 1333 1783 mu-

316 1815 403 1874 tandi
429 1814 599 1875 temeritate
626 1817 673 1875 vel
702 1812 861 1875 omittendi
887 1816 1004 1874 incuria
1029 1816 1164 1890 corrupit
1185 1816 1218 1873 in
1240 1833 1332 1890 appa-

316 1909 386 1964 ratu
405 1904 517 1962 notavi.
553 1905 688 1964 videmus
707 1924 777 1982 ergo
801 1925 892 1980 quam
910 1923 979 1963 vere
998 1904 1113 1964 Hiobus
1131 1902 1332 1982 Madeburgus

317 1993 555 2069 Annebergensis
565 1986 636 2073 (sie)
646 1992 778 2053 Fabricii
791 1995 950 2052 familiaris
965 1993 996 2051 in
1011 1995 1226 2070 epigrammate
1241 1992 1331 2051 titulo

318 2082 457 2141 editionis
475 2082 671 2142 Fabricianae
689 2083 804 2159 primae
826 2085 938 2142 inserto
961 2082 1084 2141 mendas
1107 2101 1171 2140 eam
1196 2100 1257 2140 nou
1280 2081 1331 2139 ha·

317 2171 385 2231 bere
414 2177 611 2248 praeconatus
639 2171 687 2231 sit.
732 2174 897 2231 rectissime
919 2171 981 2230 iarn
1004 2193 1031 2231 v.
1051 2171 1078 2229 d.
1097 2170 1221 2230 Hoeven
1248 2171 1333 2230 nullo

317 2261 376 2319 nisi
394 2261 583 2320 Harlemensi
601 2262 700 2321 codice
720 2262 830 2321 collato
845 2257 979 2335 ,babet‘t
993 2262 1101 2335 inquit,
1116 2260 1333 2334 ,innumeras“.·

318 2349 455 2425 equidem
478 2369 583 2410 vereor
606 2369 643 2408 ne
666 2351 741 2408 nulli
765 2353 944 2426 scriptorum
972 2351 1163 2425 antiquorum
1186 2367 1204 2408 a
1227 2349 1333 2424 primis

317 2439 481 2498 editoribus
512 2443 576 2498 tam
609 2440 687 2498 male
719 2440 889 2499 consultum
921 2440 968 2499 sit.
1019 2458 1102 2513 nam,
1115 2451 1120 2461 “
1135 2441 1169 2497 ut
1199 2440 1333 2514 praeter-

317 2530 437 2586 mittam
469 2531 549 2586 recte
582 2528 730 2588 scribendi
765 2529 913 2588 rationem
950 2528 1121 2602 similiaque
1157 2528 1272 2585 leviora
1303 2533 1335 2585 et

317 2618 504 2692 frequentem
541 2617 741 2676 distinctionis
782 2618 1025 2693 perversitatem,
1066 2616 1163 2677 decies
1204 2615 1335 2691 amplius

317 2706 399 2763 mille
426 2705 500 2764 locis
528 2706 668 2764 editionis
695 2707 785 2765 lectio
813 2706 992 2786 corrigenda
1019 2705 1084 2765 fuit.
1131 2704 1278 2780 quaedam
1301 2706 1335 2762 in

318 2793 498 2852 editionibus
527 2813 602 2868 quae
631 2794 716 2853 annis
743 2796 837 2869 1561,
863 2796 958 2869 1575,
984 2795 1068 2854 1586
1098 2813 1132 2852 ex
1155 2795 1254 2869 prima
1276 2792 1335 2852 Fa·

317 2882 452 2941 briciana
475 2885 620 2958 repetitae
643 2887 714 2941 sunt
737 2884 893 2942 emendata
915 2885 1060 2956 invenias,
1080 2883 1131 2941 sed
1148 2887 1337 2957 pauca'sunt

318 2975 349 3030 et
380 2990 475 3030 novae
506 2990 607 3031 rursus
639 2972 763 3032 mendae
796 2973 987 3049 irrepserunt.
1033 2972 1112 3029 idem
1139 2971 1175 3029 de
1203 2971 1336 3032 editione

318 3059 476 3119 dicendum
489 3079 494 3089 ·
509 3080 598 3135 quam
630 3060 739 3121 Lucius
771 3062 951 3121 Basileensis
984 3079 1062 3120 anno
1096 3062 1181 3119 1613
1215 3062 1336 3119 curavit

319 3167 383 3207 cum
413 3149 481 3208 aliis
509 3150 591 3208 vitiis
619 3153 683 3208 tum
706 3151 842 3226 pluribus
865 3152 981 3210 omissis
1005 3153 1117 3208 notata.
1163 3149 1337 3225 posthunc

318 3257 403 3296 nemo
432 3238 584 3296 Donatum
613 3239 707 3298 edidit
734 3259 793 3298 non
822 3242 884 3298 sine
914 3258 981 3298 mea
1013 3239 1227 3317 gratulatione,
1261 3240 1336 3313 quia

318 3344 385 3385 cum
409 3326 535 3385 aliorum
559 3330 714 3387 sententiis
737 3328 812 3386 mihi
834 3347 893 3386 non
917 3328 1147 3386 conflictandum
1170 3327 1236 3386 fuit

385 3415 430 3473 De
450 3434 517 3474 mea
536 3415 666 3474 editione
684 3417 757 3476 haec
776 3416 871 3475 habeo
892 3436 968 3493 quae
986 3416 1151 3493 praefanda
1164 3420 1275 3492 putem.
1291 3450 1335 3457 —

317 3504 604 3580 Interpretetionum
634 3508 748 3564 textum
776 3505 970 3565 Laurentiaui
999 3508 1029 3563 et
1051 3505 1192 3563 Vaticani
1219 3508 1250 3563 et
1277 3506 1335 3564 Re-

319 3593 451 3671 ginensis
471 3596 650 3653 auctoritate
669 3594 909 3655 constituendum
927 3596 1019 3654 fuisse
1038 3614 1073 3652 er
1091 3595 1128 3651 iis
1148 3612 1224 3668 quae
1243 3611 1337 3669 supra

315 3684 438 3754 exposui
465 3683 540 3741 satis
571 3685 704 3759 apparet.
750 3686 781 3742 in
814 3685 951 3743 lectionis
982 3686 1129 3742 varietate
1162 3682 1339 3741 adnotanda·

294 3765 441 3825 dilectum
469 3770 582 3848 baben
615 3792 688 3835 nam
713 3776 740 3837 si
766 3794 889 3837 omnem
910 3774 1106 3850 recepissem,
1131 3773 1163 3829 et
1184 3770 1341 3829 intuitum
