3250 4350
367 404 432 471 172
646 390 786 462 nonin
802 404 972 460 munera.
991 398 1099 459 vnto.

366 594 483 635 summa
508 594 577 636 arce
602 575 660 635 hoo
685 577 732 635 est
757 573 811 632 ubi
834 574 987 633 simulacri
1007 574 1102 650 ipsius
1125 573 1293 632 sacrarium
1313 566 1368 629 rsit

367 667 561 742 augmentum
573 663 707 724 criminis
721 663 845 723 admissi
857 661 1013 722 homicidii
1025 664 1059 721 in
1071 662 1217 739 plurimos
1232 663 1265 720 et
1277 658 1370 735 templi

367 752 512 828 custodes,
535 753 588 830 qui
608 753 807 812 humanitatis
826 753 1078 828 contemplatione
1096 753 1128 811 et
1144 752 1283 826 mersu
1299 754 1370 827 pra'e·

368 842 460 902 sentis
481 842 612 902 numinis
635 842 684 900 cui
707 840 947 917 obsequebantur
969 841 1103 918 contingi
1124 859 1162 899 ne
1180 840 1244 898 levi
1263 836 1370 915 quiden

366 931 480 991 iniuria
500 930 671 991 debuerant.
707 933 835 1009 augetur
858 933 958 990 autem
981 931 1093 988 crimen
1114 927 1272 988 homicidii
1294 928 1394 987 etiams

367 1039 404 1079 ex
425 1022 533 1080 merito
554 1038 758 1096 personarum,
781 1018 918 1078 custodes
941 1021 1021 1078 enim
1042 1018 1149 1095 templi
1170 1036 1233 1077 non
1257 1014 1371 1076 adbibit¹

367 1110 495 1168 fuissent
511 1109 572 1168 nisi
588 1108 734 1185 probatae
751 1109 835 1168 vitae
851 1107 986 1167 homines
1005 1111 1036 1167 et
1058 1105 1220 1166 admodum
1242 1103 1372 1183 religiosi,

368 1199 445 1257 casti
476 1217 594 1274 quoque
621 1214 657 1256 ac
683 1197 799 1273 pudici,
826 1197 880 1273 qui
907 1195 980 1255 deae
1006 1199 1110 1256 tantae
1137 1213 1174 1254 ac
1200 1195 1313 1273 virgini
1336 1193 1373 1252 in·

369 1289 479 1346 servire
496 1289 682 1346 meruissent
716 1287 887 1361 corripuere
905 1304 1020 1345 sacrm
1039 1282 1169 1362 effigiem
1187 1283 1373 1359 manibusque

369 1376 499 1434 cruentis
520 1377 672 1453 virgineas
696 1377 761 1434 ausi
783 1374 872 1435 divae
895 1375 1067 1453 contingere
1089 1373 1196 1433 vittas:
1231 1371 1373 1432 videamus

369 1464 464 1524 scelus
492 1464 663 1524 admissum-
681 1465 714 1522 in
736 1463 825 1523 deam
848 1463 995 1539 quomodo
1019 1463 1151 1538 coeperit
1173 1461 1222 1521 vel
1246 1459 1373 1538 quemad·

354 1552 492 1611 modum
518 1553 611 1612 inerit
637 1556 859 1631 exaggeratum.
905 1551 1039 1630 adgressi
1061 1553 1132 1612 sunt
1151 1550 1315 1627 templum,
1338 1550 1374 1607 in·

371 1643 452 1717 quit,
479 1644 511 1700 et
532 1643 683 1715 sacratum
705 1641 853 1717 templum
875 1641 954 1717 qnod
975 1639 1093 1719 ingredi
1116 1658 1299 1716 quemqnam
1322 1638 1374 1698 sine

370 1729 560 1790 veneratione
582 1730 667 1790 nefas
691 1732 777 1803 esset,
799 1730 936 1790 custodes
958 1730 1038 1789 caesi
1060 1733 1091 1788 et
1112 1747 1207 1804 usque
1231 1728 1374 1804 adipson

371 1819 563 1879 simulacrum
585 1818 736 1897 gradatim
757 1820 882 1878 ventum
903 1817 1060 1895 visumque
1084 1817 1270 1877 nefariorum
1293 1814 1374 1876 omlis

250 1896 254 1905 ’
371 1911 403 1967 et
424 1909 550 1984 pollutis
571 1908 717 1987 sanguine
738 1907 870 1967 humano
892 1906 1029 1966 manibus
1049 1907 1140 1983 inpiis
1159 1906 1374 1976 contrectatum.

371 2016 465 2072 usque
492 2015 527 2055 eo
555 2000 589 2055 ut
616 2016 677 2056 non
706 1996 804 2056 solum
836 1996 989 2056 simulacri
1021 2013 1127 2071 corpus
1158 2013 1265 2054 verum
1295 1994 1373 2052 eum

370 2087 472 2144 vultus
500 2087 563 2145 eius
591 2089 622 2144 et
648 2086 805 2164 virginalis
833 2086 926 2144 vittas
956 2103 1031 2161 quas
1058 2086 1091 2141 in
1118 2085 1217 2160 capite
1250 2081 1374 2161 gestabat

280 2229 285 2240 .
370 2178 516 2235 incestare
540 2178 606 2234 ausi
629 2178 697 2233 sint.
743 2176 882 2250 conpleta
904 2176 1076 2233 narratione
1101 2174 1166 2231 veri
1191 2171 1280 2247 tacti,
1307 2168 1372 2249 quod

372 2267 462 2323 etiam
489 2267 562 2340 ipsis
590 2265 728 2323 Troianis
755 2266 908 2339 cognitum
934 2264 1007 2336 fuit,
1036 2261 1184 2320 mendacii
1209 2262 1372 2338 figmentum

372 2353 530 2411 artificiose
553 2354 708 2431 coniungit
728 2353 829 2411 dicens
848 2371 883 2409 ex
901 2351 955 2409 illo
973 2351 1064 2409 fluere
1088 2370 1123 2410 ac
1144 2355 1226 2409 retro
1245 2350 1371 2424 sublapsa

370 2441 475 2501 referri
498 2460 565 2517 spes
588 2442 735 2515 Danaum,
758 2443 872 2499 fractae
895 2443 982 2499 vires.
1018 2440 1177 2500 verborum
1199 2441 1369 2515 superiorum

370 2551 530 2590 memorem
555 2530 695 2588 Sinonem
721 2531 837 2605 posuit3
868 2549 938 2587 nam
962 2531 1034 2604 quia
1056 2529 1173 2587 dixerat
1195 2530 1292 2587 omnis
1318 2542 1370 2601 spel

371 2620 506 2678 Danaum
536 2622 567 2677 et
594 2621 692 2693 coepti
719 2618 828 2677 fiducia
855 2617 928 2677 belli
954 2618 1088 2676 Palladis
1121 2618 1241 2677 auxiliis
1271 2630 1369 2691 semper

372 2710 468 2783 stetit,
500 2708 549 2766 hic
576 2707 653 2765 dixit
680 2726 715 2764 ex
741 2708 795 2765 illo
822 2708 914 2765 fluere
943 2725 978 2765 ac
1004 2712 1084 2766 retro
1113 2706 1254 2783 sublapsa
1280 2700 1367 2765 referri

372 2815 439 2871 spes
466 2797 613 2855 Danaum.
659 2815 738 2871 spes,
770 2798 883 2871 inquit,
911 2794 1092 2855 Graecorum
1124 2795 1224 2855 stabat
1253 2788 1370 2871 propitio¹

371 2884 505 2943 Palladis
528 2886 658 2959 numine,
682 2903 748 2959 spes
770 2884 882 2943 fluebat
905 2888 935 2943 et
956 2884 1122 2943 stabilitate
1139 2884 1259 2959 perdita
1276 2886 1365 2942 ratror

373 2994 438 3030 sum
461 2973 617 3032 labebatur
634 2974 717 3032 laesa
734 2976 781 3033 tot
799 2973 958 3033 sceleribus
977 2973 1042 3032 dea
1075 2992 1181 3032 aversa
1199 2972 1271 3032 deae
1287 2984 1364 3029 mens:

371 3065 495 3137 propter
516 3062 642 3121 duorum
665 3063 877 3121 sceleratorum
899 3064 981 3137 inpie
1003 3064 1174 3139 nefarieque
1198 3062 1363 3122 commissum

373 3150 410 3209 ab
439 3151 577 3209 omnibns
601 3149 721 3210 Graecis
749 3152 879 3210 numinis
906 3152 995 3209 favor
1022 3152 1171 3210 abscessit.
1218 3151 1292 3209 dixit
1310 3159 1363 3219 ergo

372 3247 403 3297 et
430 3241 543 3297 laesam
570 3240 733 3298 Minervam
761 3244 792 3299 et
819 3258 924 3299 causas
952 3241 1122 3299 offensionis
1150 3240 1297 3317 exposuit,
1319 3249 1362 3292 mc*

372 3331 503 3388 moravit
515 3332 607 3387 etiam
622 3330 679 3387 hoc
697 3347 803 3405 genere
822 3327 1004 3387 Graecorum
1022 3348 1106 3404 spem
1124 3347 1187 3389 esse
1206 3328 1362 3389 subversam·

371 3418 446 3477 dicit
469 3422 676 3495 argumentum
698 3417 855 3492 multiplex
879 3436 939 3492 quo
962 3418 1071 3476 iratam
1094 3418 1181 3475 deam
1207 3416 1303 3495 potuit
1325 3428 1362 3485 ap

443 3577 486 3620 a
478 3585 583 3638 peregere
601 3568 653 3620 LR
670 3586 722 3637 qtae
740 3568 783 3622 ed.
840 3576 871 3621 11
892 3570 973 3623 deam
991 3570 1034 3622 ed.
1093 3574 1127 3621 0
1145 3570 1286 3624 menam
1301 3563 1338 3619 ed.

371 3647 405 3693 21
425 3642 556 3710 adiungit
571 3639 616 3692 ed
671 3644 705 3692 23
719 3642 786 3708 greio
800 3657 854 3693 om
865 3640 908 3693 ed
966 3646 999 3693 2⁷
1074 3640 1108 3693 ta
1122 3638 1148 3692 lt
1157 3641 1334 3709 perditor-
1306 3630 1363 3685 L

425 3717 459 3763 22
477 3712 587 3779 inpium
604 3717 652 3777 aes
638 3712 834 3778 stratamquer
890 3716 945 3764 33
966 3641 1231 3793 muffenguem
1177 3710 1232 3764 La
1248 3728 1282 3765 aa.
1297 3716 1365 3777 qao!

371 3782 504 3850 quomodo
522 3780 565 3834 ed.
586 3785 614 3834 et
632 3785 771 3850 transpos.
788 3785 793 3850 Ι
813 3784 914 3836 iratam
934 3784 1011 3836 deora
1030 3780 1052 3833 L
1073 3782 1147 3835 irato
1166 3782 1219 3836 deo
1237 3781 1263 3834 R
1280 3779 1356 3835 ed
