3250 4350
349 395 393 458 30
630 393 769 448 DONA'I'I
785 392 958 451 INTERPR,
976 392 1083 448 VERG.

348 564 488 623 discretio
515 563 595 622 inter
620 581 816 640 personarum
843 562 966 638 merite,
998 563 1041 622 sic
1068 565 1099 621 et
1126 561 1226 622 officia
1256 564 1366 624 discor-

348 656 468 711 nentur.
507 654 541 710 tu
559 651 665 730 regine
683 669 723 726 es,
746 651 880 711 officium
902 653 989 710 tuum
1011 650 1149 726 iubendo,
1171 670 1272 711 meum
1288 654 1366 713 'vero

349 741 519 816 exequendo
546 742 710 817 conpletur.
756 743 803 799 tui
832 740 943 800 laboris
966 742 1012 800 est
1033 742 1090 800 hoc
1113 743 1159 801 est
1180 743 1253 800 tuae
1276 759 1367 802 auree

347 831 482 889 iuvenire
505 830 579 906 quid
600 830 714 904 iubeas,
733 829 945 890 sollicitudinis
968 832 1069 889 eutem
1087 836 1171 889 meee
1189 829 1262 890 dere
1280 833 1367 908 prae·

348 921 443 995 ceptis
461 919 606 979 effectum.
647 922 677 978 et
696 918 775 994 quod
794 919 839 978 eit
857 919 905 978 fes
922 922 976 993 est,
994 919 1051 978 hoc
1069 922 1115 978 est
1132 918 1235 978 licebit
1257 919 1367 993 fecere,
1392 939 1404 981 s

347 1007 465 1068 etiamsi
487 1007 607 1067 inlicite
627 1007 731 1067 iubeas
754 1007 820 1066 fieri
843 1000 911 1088 (illa
935 1009 1015 1067 enim
1037 1006 1114 1066 dixit
1136 1007 1293 1084 victosque
1313 1028 1366 1086 pe-

347 1089 461 1179 nates),
493 1097 604 1158 Aeolus
637 1099 683 1158 sic.
715 1097 835 1156 videtur
871 1098 975 1156 eontra
1008 1095 1209 1173 respondisse,
1246 1097 1366 1157 etiamsi

348 1189 421 1246 victi
443 1205 503 1246 uon
526 1189 633 1260 essent,
653 1187 791 1261 facerem,
811 1187 883 1261 quie
901 1204 969 1245 cum
987 1184 1052 1245 fieri
1070 1185 1187 1261 aliquid
1205 1205 1265 1246 non
1285 1187 1367 1261 licet,

347 1276 455 1351 incipit
481 1276 585 1349 licere,
612 1277 638 1334 si
666 1275 729 1334 eius
757 1274 811 1334 fiet
838 1276 923 1335 iussu
946 1276 996 1334 cui
1017 1278 1053 1333 ut
1075 1273 1178 1334 iubeet
1199 1275 1291 1350 plene
1313 1294 1368 1352 pe

347 1366 440 1424 testes
464 1367 517 1422 est.
564 1382 630 1422 ecee
658 1363 787 1439 exempli
813 1381 904 1423 cause
926 1382 1072 1439 ponemus
1094 1363 1239 1423 iudicium
1263 1364 1365 1441 publi·
1382 1385 1405 1427 u

348 1472 427 1511 eum:
465 1471 525 1512 nou
557 1453 628 1512 licet
659 1453 810 1512 hominem
842 1451 1000 1512 verberare
1028 1455 1059 1511 et
1085 1455 1225 1528 torquere
1253 1455 1285 1512 et
1314 1453 1367 1530 qui

347 1543 420 1600 hoec
447 1541 553 1600 fecerit
579 1541 736 1617 plectitur,
761 1541 815 1609 sed
842 1542 868 1601 si
894 1541 978 1600 iussu
999 1541 1109 1601 iudicis
1131 1541 1221 1617 fient,
1247 1542 1366 1601 nullum

347 1629 520 1690 admittitur
542 1630 668 1690 crimen:
690 1632 747 1691 hoo
764 1630 863 1691 voluit
881 1630 974 1690 etiem
991 1630 1103 1690 Aeolus
1122 1630 1229 1706 dicere,
1246 1628 1368 1691 inlicite

348 1719 374 1778 si
392 1737 439 1777 me
457 1717 562 1778 iubees
580 1720 688 1794 fucere,
705 1719 814 1780 fecium
834 1723 865 1779 et
881 1719 1004 1796 impune
1022 1720 1142 1794 luciam,
1165 1721 1237 1794 quia
1259 1721 1368 1799 regine

347 1806 469 1867 iubente
487 1807 572 1867 nulla
589 1808 801 1884 obsequentem
820 1827 917 1886 poene
935 1809 983 1868 vel
1002 1808 1092 1885 culpa
1109 1812 1259 1884 sequetur.
1291 1812 1367 1870 item
1381 1830 1406 1873 ιε

348 1900 453 1958 contra
479 1897 635 1974 respondit
662 1897 786 1957 dicendo
815 1902 847 1956 tu
873 1898 947 1958 mite
973 1898 1170 1971 quodcumque
1197 1898 1250 1956 hoc
1271 1900 1366 1973 reyes.

348 1992 380 2045 tu
401 1990 515 2060 sceptro
536 1987 692 2060 Iouemque
714 1987 860 2046 concilies.
900 1986 956 2046 ille
978 1989 1058 2046 enim
1081 1986 1158 2046 dixit
1181 2006 1199 2046 e
1221 1985 1294 2046 Iove
1318 2004 1366 2047 ee

348 2075 454 2151 cepisti
476 2078 670 2150 potestatem,
692 2075 745 2135 ille
766 2077 800 2136 in
822 2093 895 2136 voce
918 2075 1052 2135 officiose
1078 2077 1240 2151 peruium
1267 2076 1368 2153 ipsius

347 2163 469 2224 Iunonis
488 2163 554 2225 vult
573 2184 636 2226 esse
660 2164 739 2241 quod
756 2167 885 2243 poteret.
925 2164 1042 2225 addidit
1059 2167 1094 2224 tu
1112 2167 1229 2241 sceptra
1247 2164 1366 2226 Iovem-

348 2273 406 2329 que
429 2254 584 2315 oouciliau:
606 2256 715 2330 ipsum,
735 2255 844 2331 inquit,
866 2253 969 2314 Iovem
991 2258 1027 2313 ut
1048 2255 1214 2332 propitium
1235 2254 1366 2315 hebeem
1380 2278 1406 2317 eo

348 2347 388 2401 tu.
404 2344 478 2403 fecis
501 2344 539 2419 et,
558 2346 593 2402 ut
615 2362 776 2404 memorem
800 2362 832 2402 se
855 2346 989 2403 omnium
1011 2342 1221 2403 beneficiorum
1237 2343 1365 2405 lunonis

294 2437 328 2486 80
348 2432 531 2508 ostenderet,
559 2431 676 2491 eddidit
702 2436 734 2492 ta
761 2434 817 2491 due
840 2434 935 2506 opole
957 2433 1124 2492 acuentem
1145 2434 1247 2491 dietae
1268 2430 1365 2507 [m

347 2524 503 2595 torumque
529 2523 605 2595 socie
632 2526 887 2595 tempestatumque
908 2520 1078 2597 potentem]⁸
1123 2540 1218 2580 unum
1245 2521 1366 2582 videtur

346 2612 479 2687 posuisse
502 2610 677 2669 beneficium
698 2610 861 2685 praestitae
884 2610 1095 2684 humanitatis,
1118 2611 1169 2670 sed
1193 2610 1366 2672 cumuletur

346 2700 420 2772 elio,
444 2700 470 2757 si
494 2699 664 2759 convivium
687 2718 754 2759 oum
777 2701 894 2775 potiore
917 2699 1092 2773 misceatur,
1114 2700 1220 2774 uuio,
1245 2702 1272 2760 si
1295 2720 1364 2761 cum
1378 2723 1405 2764 ao

345 2787 514 2864 potioribus
532 2788 678 2864 plurimis,
698 2790 816 2864 queito,
835 2788 861 2848 si
879 2789 1002 2848 inferior
1020 2806 1147 2865 persona
1169 2807 1229 2848 non
1252 2789 1364 2865 sedeat,

346 2880 381 2935 ut
402 2875 468 2935 fieri
490 2877 574 2951 solet,
598 2877 650 2936 sed
673 2876 836 2936 accumbet
875 2879 978 2953 posuit
999 2880 1033 2936 in
1054 2876 1126 2936 line:
1149 2880 1181 2937 et
1202 2877 1259 2937 hoc
1282 2879 1364 2955 quod

346 2965 496 3026 desideres
523 2969 609 3023 tuum
637 2968 682 3025 est
709 2969 739 3025 et
765 2968 798 3023 in
825 2969 879 3025 tua
901 2965 1034 3042 positum
1056 2969 1215 3043 potestate.
1261 2985 1363 3044 perso·

345 3072 511 3130 uarumque
538 3056 571 3112 in
598 3057 727 3130 utreque
754 3054 904 3128 oratione,
931 3055 989 3114 loci
1017 3074 1135 3131 quoque
1162 3059 1193 3114 et
1217 3056 1363 3132 temporis

345 3143 482 3202 habitam
513 3144 661 3203 rationem
693 3142 829 3203 dubitari
855 3162 915 3203 nou
942 3147 1056 3219 potest,
1087 3144 1203 3204 scilicet
1229 3143 1363 3220 Iunonis,
1376 3167 1404 3207 so

418 3276 732 3332 eeeLRhoceeted.
843 3277 1364 3347 opostfoeeetiuseroihoceetut

345 3368 369 3402 v.
392 3354 432 3403 to.
538 3354 555 3402 9
573 3350 620 3403 eui
637 3349 732 3403 iubeas
749 3348 801 3402 La
819 3350 867 3404 eui
884 3366 946 3404 oum
964 3351 1057 3404 iubeat
1074 3367 1088 3402 r
1111 3350 1225 3404 iubendi
1241 3366 1317 3403 meu.
1336 3351 1362 3405 11

344 3421 376 3475 iu
393 3420 415 3473 L
434 3419 503 3475 item
522 3420 565 3474 ed.
584 3426 616 3475 ut
633 3421 726 3475 iubeat
743 3437 801 3475 uos.
863 3426 896 3475 11
916 3425 1040 3489 torquere
1058 3420 1110 3473 LR
1128 3428 1178 3475 aut
1196 3428 1215 3475 t.
1235 3421 1278 3476 ed.
1298 3428 1324 3476 et
1343 3430 1360 3476 t.

344 3508 403 3546 uos.
491 3497 524 3546 15
542 3492 583 3547 vet
601 3492 684 3559 eulpa
703 3507 756 3545 om.
776 3492 819 3545 ed.
909 3497 940 3545 19
960 3497 992 3546 tu
1008 3499 1115 3560 sceptra
1133 3491 1184 3545 LR
1204 3492 1255 3547 doe
1273 3495 1363 3563 epulis

345 3563 500 3618 occtemtere
517 3563 613 3618 dicum
631 3565 746 3630 postte
763 3561 894 3631 interpol.
914 3562 958 3616 ed.
1056 3568 1090 3616 22
1109 3563 1361 3633 nimborumque-

345 3638 380 3688 23
394 3640 532 3702 mmm
550 3633 631 3688 deest
648 3633 678 3687 in
696 3632 757 3700 LR,
778 3632 828 3688 sed
846 3632 939 3687 verbis
954 3635 1049 3702 posuit
1067 3638 1119 3688 etc.
1140 3633 1305 3703 explicetur.

340 3709 380 3757 28
383 3720 629 3775 personarumque
643 3703 671 3758 R
687 3702 758 3760 item
777 3720 842 3759 oum
860 3707 966 3775 puncto
986 3721 1071 3775 supra
1092 3724 1119 3774 q,-
1137 3704 1159 3757 L
1177 3722 1229 3774 que
1247 3722 1301 3762 om.
1316 3707 1359 3761 ed

377 3777 620 3842 tommamm
636 3781 709 3849 poet
721 3784 817 3850 potest
834 3774 971 3848 interpol.
991 3776 1060 3831 eus.
