3250 4350
655 397 838 453 AENEIDOS
857 398 895 452 VI
1222 399 1293 464 5491

270 566 386 623 lumina
408 567 545 637 stanna:
573 565 750 626 inflexibiles
780 567 859 628 oculi
887 567 950 626 eius
979 569 1010 626 et
1036 585 1153 643 semper
1175 571 1289 628 stantes

270 653 360 729 quasi
388 654 532 728 quasdam
560 655 694 714 flammas
724 655 909 716 emittebant.
955 656 1093 716 sordidus
1120 675 1155 716 eu
1180 659 1290 717 ueneris

268 744 346 801 nodo
379 744 518 816 dependet
550 747 688 804 amictus:
719 746 856 804 velamen
888 748 951 804 eius
984 745 1045 805 tale
1076 746 1175 805 fuerat
1209 747 1289 821 quod

269 832 393 908 plenum
417 851 524 908 corpus
546 837 648 910 tegere
676 854 736 894 non
763 838 877 911 posset,
905 834 1031 910 denique
1055 837 1118 895 eius
1141 834 1290 911 pendebat

236 923 382 982 cumeris
406 921 541 980 sordibus
564 925 695 981 taetrum
713 942 768 983 nae
791 924 899 984 saltem
920 923 1026 997 fibula,
1049 923 1101 982 sed
1123 924 1201 984 nodo
1225 943 1290 983 sus-

269 1029 404 1085 pensum.
458 1013 521 1084 ipse
549 1017 643 1071 ratam
674 1017 755 1072 conto
787 1014 897 1087 snbipit
927 1014 1052 1085 uelisque
1083 1016 1232 1072 ministrat
1263 1016 1290 1074 ct

269 1100 442 1172 ferruprnea
464 1101 611 1160 subnectat
633 1118 756 1175 corpora
779 1103 898 1162 cumba:
920 1121 980 1162 non
1002 1101 1055 1160 ille
1079 1102 1211 1177 aliquam
1235 1122 1288 1179 po·

268 1191 411 1247 testatem
439 1189 548 1266 agendi
575 1189 734 1249 videbatur
760 1192 883 1265 habere,
911 1191 962 1250 sed
990 1210 1131 1267 poenam,
1161 1192 1289 1268 denique

269 1277 333 1353 ipse
357 1276 520 1355 subigendo
544 1279 655 1356 agebat
676 1283 781 1339 ratam.
829 1299 896 1340 cum
915 1280 988 1339 dicit
1007 1279 1129 1356 subigit,
1152 1299 1212 1339 non
1230 1281 1289 1340 fuit

220 1386 255 1428 rc
269 1369 334 1424 sine
358 1367 470 1427 laboris
493 1370 643 1429 tormento
667 1368 748 1444 quod
771 1370 887 1447 agebat
930 1371 994 1444 ipse
1014 1368 1106 1428 dabat
1125 1369 1201 1443 vela,
1223 1370 1289 1445 ipse

269 1474 396 1531 corpora
419 1457 566 1518 vectabat.
613 1475 680 1516 curn
707 1458 803 1517 multa
830 1459 1052 1532 multorumque
1080 1458 1180 1516 officia
1207 1459 1288 1517 solus

268 1545 407 1619 inpleret,
421 1545 586 1621 apparebat
599 1547 686 1605 illum
700 1548 854 1624 perpetuis
868 1547 1002 1606 deditum
1015 1547 1107 1606 fuisse
1121 1547 1287 1607 tormentis.

267 1636 331 1692 iant
354 1636 460 1703 senior,
482 1636 645 1695 scrinaria
668 1637 719 1696 deo
741 1637 902 1709 uiridisque
919 1641 1063 1695 senectus:
1085 1637 1156 1711 iam,
1178 1636 1288 1712 inquit,

269 1724 369 1782 senior
392 1723 460 1798 fuit,
484 1725 509 1782 si
533 1726 605 1782 anni
628 1726 691 1784 eius
710 1724 977 1799 considerarentur,
1001 1726 1027 1782 si
1045 1727 1147 1783 autem
1165 1728 1287 1801 aspectu

220 1829 253 1873 rs
269 1812 332 1870 eius
358 1815 424 1887 quis
447 1813 604 1872 metiretur
627 1816 769 1888 aetatem,
792 1816 912 1890 poterat
935 1813 1032 1873 adhuc
1058 1813 1174 1873 iuvenis
1198 1816 1288 1873 aesti-

267 1903 353 1958 mari.
398 1901 481 1960 illius
505 1903 584 1960 enim
607 1906 749 1977 senectus,
772 1902 828 1961 hoc
851 1906 897 1961 est
919 1901 1052 1974 canities,
1076 1902 1181 1961 viridis
1204 1903 1288 1962 aliud

268 1989 413 2048 offerebat
444 1991 536 2050 oculis
567 2011 659 2066 qnam
687 1994 808 2067 poterat
835 1992 946 2050 veritas
973 1991 1114 2049 indicare.
1159 1990 1287 2050 viridem

267 2080 409 2137 canitiem
432 2099 492 2137 non
515 2083 640 2155 propter
665 2081 795 2141 colorem
824 2080 899 2138 dixit
926 2098 1015 2156 quem
1042 2079 1153 2138 habent
1179 2080 1287 2139 herbae

268 2168 319 2227 vel
341 2167 475 2241 frondes,
503 2169 554 2228 sed
579 2188 654 2245 quae
678 2170 774 2230 adhuc
800 2190 861 2230 non
889 2188 997 2246 parum
1026 2167 1189 2245 deprimis
1212 2172 1286 2229 tem·

222 2276 253 2318 ro
267 2258 391 2333 poribus
410 2259 560 2317 retineret.
603 2260 702 2333 cruda,
721 2260 830 2335 inquit,
854 2262 885 2319 et
901 2259 1017 2332 viridia,
1036 2259 1106 2334 quia
1127 2262 1286 2334 utrumque

267 2347 400 2406 nondum
430 2347 643 2406 advertebatur
670 2348 710 2407 ad
738 2351 945 2408 maturitatem
970 2350 1138 2423 pervenire,
1170 2343 1287 2426 †dum

268 2439 368 2495 autem
396 2436 544 2496 humanae
572 2438 680 2497 aetatis
710 2442 845 2497 senectus
872 2437 978 2514 plenus
1006 2440 1054 2496 sit.
1098 2438 1155 2495 buc
1180 2437 1339 2495 ernnis305

267 2527 355 2584 turba
377 2527 418 2584 ad
444 2527 527 2600 rapas
556 2528 649 2599 effusa
675 2528 793 2586 ruebat:
824 2528 895 2602 huc,
927 2528 984 2584 hoc
1011 2529 1056 2585 est
1087 2525 1140 2584 ubi
1168 2524 1286 2585 Charon

267 2613 486 2689 observaverat,
510 2616 704 2675 concurrebat
727 2619 823 2675 onmis
848 2616 1013 2674 animarum
1035 2614 1134 2688 turba,
1156 2617 1192 2673 ut
1210 2613 1286 2674 Oba·

220 2720 251 2763 aa
265 2704 348 2762 rcnis
371 2705 467 2779 ipsius
491 2703 658 2764 ministerio
681 2707 880 2765 traicerentur
897 2704 1032 2763 ulterius.
1074 2707 1182 2763 matres
1201 2708 1287 2779 atque

266 2795 325 2851 ciri
348 2794 541 2867 defunctaque
563 2811 686 2869 nrpora
708 2798 769 2853 nita
791 2796 1015 2867 napnanirnum
1040 2793 1173 2861 berourn,
1196 2796 1287 2867 pueri

267 2885 464 2955 innuptaeque
481 2883 601 2956 pueiiae
624 2885 796 2957 inpositique
819 2885 898 2957 repis
923 2885 1042 2941 iuuenes
1065 2887 1133 2941 ante
1155 2899 1209 2942 cra
1226 2902 1285 2957 pa·

265 2974 396 3030 rentum:
418 2973 450 3028 in
473 2972 527 3029 illa
550 2972 640 3031 turba
662 2973 783 3031 fuerunt
805 2974 917 3031 matres
941 2976 971 3029 et
994 2971 1142 3045 mulieres,
1164 2973 1285 3032 fuerunt

265 3062 325 3118 viri
349 3061 401 3134 qui
424 3059 636 3136 conpleverant
658 3062 769 3137 vitam3
797 3062 865 3120 vult
887 3062 967 3119 enim
990 3060 1051 3119 alia
1074 3080 1184 3136 genera
1207 3081 1285 3122 mor-

268 3194 479 3204 ——.-.--——.-..-

338 3289 354 3335 4
378 3284 494 3353 denique
517 3282 619 3338 eiusV
642 3300 676 3338 ea
698 3283 758 3338 inte
792 3300 831 3337 os.
851 3284 894 3337 ed.
995 3283 1138 3337 bannitis
1159 3284 1287 3338 sordebus

265 3361 365 3409 tetrum
383 3354 415 3407 V.
490 3360 507 3408 6
525 3361 621 3409 centua
638 3355 742 3425 subicit
786 3396 792 3407 .
867 3360 901 3408 13
919 3356 1025 3409 seniore
1042 3352 1075 3407 V.
1154 3358 1188 3406 15
1206 3359 1286 3409 nute-

264 3432 342 3479 retur
359 3424 391 3479 V.
481 3431 514 3480 16
533 3427 649 3481 canities
666 3426 715 3481 boc
733 3433 772 3481 est
789 3433 910 3481 senectus
929 3426 973 3479 ed.
1060 3430 1093 3478 18
1111 3424 1241 3479 canitiem
1258 3424 1285 3478 V

263 3503 426 3551 senectutem
445 3497 488 3551 ed.
573 3502 608 3549 20
627 3498 693 3565 quia
712 3504 857 3565 utrumqne
875 3496 902 3550 V
920 3497 962 3551 ed.
982 3501 1076 3549 utrum
1145 3496 1231 3564 quia?

265 3574 296 3621 21
319 3568 385 3621 dunt
399 3600 435 3608 -
449 3572 483 3621 22
500 3569 600 3636 plenae
617 3571 654 3622 eit
671 3568 696 3621 V
710 3569 798 3637 plena
816 3568 860 3623 ed.
879 3584 935 3621 non
953 3567 1047 3619 minus
1066 3582 1083 3618 a
1104 3566 1200 3619 surde:
1228 3564 1286 3620 for-

263 3642 341 3693 tasse
360 3639 483 3694 nondrnn
496 3645 529 3693 ut
540 3640 678 3693 humanae
692 3641 790 3693 aetatis
804 3641 914 3707 effeetus
924 3639 1024 3707 panus
1036 3643 1119 3691 ercet?
1179 3642 1213 3690 22
1231 3638 1287 3691 huc

263 3710 294 3764 in
318 3710 451 3765 lemmate
475 3728 528 3764 om.
548 3709 582 3778 V,
605 3710 636 3765 in
658 3709 774 3780 interpr.
792 3711 838 3765 bic
859 3709 955 3764 habat.
1055 3713 1090 3761 24
1112 3709 1241 3763 charonis
1259 3707 1287 3762 V

264 3782 414 3837 &turonus
428 3782 470 3836 ed.
528 3785 562 3835 28
580 3787 681 3837 matres
694 3788 720 3837 et
732 3782 858 3837 mulieres
871 3780 898 3836 V
910 3782 941 3835 id
954 3785 994 3836 eet
1005 3780 1132 3836 mulieres
1144 3779 1287 3850 Hoppiuaa
