3250 4350
296 423 318 487 4
575 421 716 476 DONATI
734 421 904 478 INTERPR.
921 420 1029 476 VERG.

296 594 409 651 ceteros
436 590 582 667 prodidit,
614 610 673 649 non
706 593 794 666 quasi
827 592 940 649 scaevis
967 591 1087 649 Aeneae
1120 591 1236 650 meritis
1267 611 1311 650 ex-

296 680 418 754 citatos,
448 679 500 739 sed
526 681 647 758 reginae
675 698 745 738 suae
773 679 984 754 qualicumque
1016 679 1116 738 studio
1148 680 1312 753 obsecutos,

297 769 328 828 in
352 789 411 844 quo
430 771 496 845 ipso
515 769 673 828 subnexuit
692 771 784 827 etiam
802 769 888 826 illam
907 767 1091 843 divisionem,
1110 772 1145 826 ut
1163 768 1314 828 dicturum

297 877 360 918 sese
392 859 581 934 promitteret
613 876 689 933 quae
721 857 839 916 Aeneas
871 857 951 915 idem
982 860 1014 915 in
1046 861 1141 932 terra,
1173 876 1252 932 quae
1283 861 1314 916 in

295 947 434 1007 fluctibus
463 947 587 1006 adversa
612 947 777 1022 pertulerit.
823 950 953 1023 purgata
980 965 1108 1022 persona
1131 965 1224 1022 quam
1246 965 1344 1023 pro-s

295 1036 363 1112 pria
386 1036 555 1095 defensione
578 1035 729 1111 Vergilius
752 1035 907 1108 tuebatur,
931 1035 1011 1110 quod
1034 1035 1225 1095 adoratoris
1249 1036 1313 1094 offi-

296 1128 376 1184 cium
403 1125 585 1201 pertinebat,
613 1124 747 1184 diversae
773 1126 870 1200 partis
896 1125 952 1183 hoc
980 1127 1026 1183 est
1051 1124 1192 1183 inimicae
1214 1126 1314 1184 fuerat

296 1214 504 1287 deformanda3
527 1213 597 1272 huic
615 1215 695 1271 enim
714 1217 745 1272 et
763 1212 906 1273 saevitiae
927 1213 1038 1272 crimen
1062 1213 1172 1272 obiecit
1195 1217 1226 1272 et
1250 1215 1314 1272 diu-

295 1305 453 1362 turnitatis
479 1305 664 1362 retentarum
691 1302 919 1361 inimicitiarum
947 1302 1087 1378 adposuit
1114 1302 1235 1378 culpam
1264 1303 1314 1362 ad·

297 1393 368 1450 dens
392 1392 423 1448 in
446 1391 503 1449 fine
527 1392 668 1450 thematis
691 1393 843 1469 ingentem
866 1391 1024 1465 invidiam,
1048 1392 1162 1450 scilieet
1185 1391 1345 1452 Romanis

296 1480 416 1556 imperii
434 1480 610 1539 felicitatem
628 1499 810 1555 emersuram
829 1499 890 1538 non
907 1480 1007 1554 fuisse,
1026 1482 1053 1538 si
1066 1480 1194 1554 Aeneas,
1209 1486 1314 1541 auctor

297 1570 360 1628 eius
384 1571 414 1627 et
437 1569 581 1643 conditor,
608 1570 730 1628 Iunonis
762 1570 893 1628 faotione
921 1568 960 1627 ad
986 1570 1109 1645 plenum
1131 1569 1240 1629 fuisset
1264 1590 1314 1645 op·

297 1676 425 1736 pressus.

363 1747 446 1806 Haec
459 1750 489 1806 te
504 1749 683 1820 summatim,
702 1748 754 1821 fili,
773 1766 861 1806 nosse
880 1750 1067 1822 convenerat,
1085 1765 1140 1806 nec
1159 1748 1313 1807 arbitreris

296 1856 344 1894 me
372 1837 575 1895 circumitione
603 1855 698 1895 usum.
753 1837 928 1920 eum'enim
957 1837 1141 1895 adverterem
1173 1839 1354 1896 tirociniars'

296 1928 350 1983 tua
377 1928 511 1985 novitate
539 1944 574 1984 ac
600 1924 748 1984 brevitate
776 1925 970 2002 expositionis
998 1927 1107 1984 instrui
1134 1944 1196 1984 non
1217 1945 1313 2001 posse,
1353 1942 1354 2005 Ῑ

298 2014 484 2090 aliquantum
513 2015 635 2092 evagari
661 2013 763 2088 debui,
791 2018 826 2072 ut
851 2016 943 2073 etiam
964 2016 1029 2089 ipse
1052 2016 1140 2089 quasi
1162 2015 1312 2090 quoddam
1353 2028 1354 2065 ἑ

296 2103 399 2162 thema
426 2105 545 2162 futurae
572 2105 829 2179 interpretationis
857 2105 1094 2179 praemitterem,
1125 2104 1233 2163 melius
1266 2123 1312 2163 ex·
1353 2072 1354 2137 i

296 2195 434 2251 istimans
467 2193 649 2267 loquacitate
683 2194 811 2267 quadam
844 2196 874 2252 te
906 2195 1004 2252 facere
1031 2193 1196 2252 doctiorem
1223 2212 1312 2269 quam

297 2281 470 2340 tenebrosae
506 2280 663 2341 brevitatis
700 2284 775 2341 vitio
812 2285 845 2339 in
877 2282 1025 2342 erroribus
1057 2284 1192 2357 linquere
1225 2297 1340 2358 quemn

297 2373 471 2446 provectum
495 2371 582 2446 cupio
606 2372 715 2446 cuique
738 2371 794 2430 hoc
817 2373 877 2429 mei
899 2371 1010 2430 laboris
1030 2372 1207 2447 opusculum
1224 2390 1310 2447 pecu-

297 2459 382 2519 liaris
410 2460 504 2519 animi
533 2462 620 2534 quasi
648 2459 797 2535 quoddam
825 2461 1039 2520 hereditarium
1061 2479 1168 2519 munus
1191 2462 1224 2520 in
1245 2463 1310 2517 iura

297 2551 479 2607 transmitto.
535 2568 569 2608 ao
597 2568 633 2607 ne
662 2550 739 2607 forte
766 2552 882 2608 nescias
915 2549 988 2624 quid
1019 2549 1076 2607 tibi
1103 2549 1252 2608 commodi
1278 2567 1310 2608 ex

297 2637 353 2696 hac
376 2638 537 2696 traditione
560 2640 656 2713 possit
679 2638 825 2714 accedere,
848 2638 952 2715 paucis
976 2639 1085 2713 accipe.
1131 2640 1158 2696 si
1180 2638 1309 2697 Maronis

298 2728 431 2785 carmina
454 2728 646 2802 conpetenter
669 2727 832 2787 attenderis
856 2731 886 2786 et
909 2746 1011 2785 eorum
1033 2729 1164 2786 mentem
1183 2739 1337 2806 congrues

298 2815 555 2890 comprehenderis
573 2818 705 2875 invenies
728 2818 761 2874 in
779 2819 871 2892 poeta
888 2817 1037 2875 rhetorem
1055 2834 1204 2875 summum
1223 2820 1309 2891 atque
1348 2819 1354 2902 J

297 2904 367 2962 inde
391 2904 546 2980 intelleges
568 2904 737 2981 Vergilium
764 2925 824 2964 non
852 2906 1077 2982 grammaticos,
1106 2904 1157 2964 sed
1180 2909 1309 2965 oratores
1350 2907 1354 2930 ⁴

297 2994 474 3068 praecipuos
492 2993 610 3051 tradere
629 2993 772 3054 debuisse.
813 2995 893 3052 idem
916 2996 995 3053 enim
1018 2994 1084 3068 tibi,
1102 2997 1139 3052 ut
1161 2994 1309 3070 aliquibus

371 3169 384 3214 1
404 3164 507 3216 scaevis
525 3162 577 3215 LR
597 3162 627 3215 in
644 3165 732 3217 saevis
755 3179 825 3216 corr.
846 3181 860 3215 r
877 3165 1045 3218 scaevis-2
1065 3164 1202 3219 obsecutos
1220 3180 1309 3218 corm-

297 3233 341 3301 pit
360 3233 402 3286 ed.
459 3239 475 3287 3
494 3235 525 3286 ia
544 3234 803 3301 qao-dicisc'oaem
823 3250 876 3288 om.
897 3236 1115 3305 edidicimus
1134 3235 1187 3288 LR
1210 3235 1311 3291 dictum

298 3304 397 3359 ested.
453 3311 467 3357 ‘l
487 3306 604 3373 perticat
622 3305 664 3358 ed.
721 3311 736 3358 9
755 3307 866 3373 eulpam
885 3322 938 3359 om.
958 3306 1001 3360 ed.
1058 3312 1092 3360 14
1110 3306 1154 3373 fili
1172 3323 1226 3359 om.
1242 3307 1285 3361 ed.
1305 3306 1325 3379 t·

297 3377 441 3430 convectat
458 3376 501 3429 ed.
557 3381 590 3429 15
609 3377 769 3431 cucaitiouc
786 3378 812 3429 It
829 3380 872 3447 (ut
886 3378 912 3430 V
927 3383 969 3443 12,
982 3384 1024 3444 25,
1044 3380 1073 3431 at
1094 3383 1118 3444 1,
1128 3383 1181 3432 254
1199 3379 1311 3432 circaue

297 3447 382 3501 itione
400 3450 429 3501 et
448 3453 472 3513 3,
488 3452 521 3501 85
541 3449 696 3515 circumita)
714 3450 943 3502 circumventione
963 3449 1005 3502 ed.
1090 3454 1122 3501 16
1141 3451 1263 3505 acritate
1281 3467 1313 3504 ac

299 3515 351 3570 LR
370 3518 412 3571 ed.
432 3520 563 3573 cecitatis
582 3536 667 3573 caasa
685 3518 822 3588 Hoppius.
884 3525 916 3572 11
936 3521 1141 3588 aliquantulum
1160 3521 1203 3575 ed.
1225 3520 1230 3591 l
1252 3538 1312 3575 eea-

297 3590 362 3713 pari
379 3588 432 3642 LR
450 3592 547 3660 creperi
565 3589 608 3643 ed.
631 3593 634 3659 Ι
657 3592 739 3644 etiam
758 3590 810 3644 LR
829 3592 885 3644 iam
905 3591 947 3644 ed.
1004 3597 1037 3645 18
1056 3592 1145 3645 thema
1164 3591 1217 3644 th
1231 3609 1312 3661 pruc-

309 3660 407 3715 ade'wn
421 3659 464 3715 ed.
520 3667 552 3715 21
568 3661 722 3730 profectum
736 3662 789 3715 th
803 3662 847 3716 ed.
860 3668 1015 3729 provectum
1029 3679 1087 3716 nos.
1104 3666 1108 3731 Ι
1124 3664 1226 3731 cupido
1239 3663 1284 3717 ed.
1307 3664 1310 3737 l

297 3730 347 3786 hoc
370 3748 423 3785 om.
439 3731 481 3786 ed.
555 3738 589 3785 22
612 3738 638 3787 et
659 3734 725 3786 tura
743 3733 796 3785 LR
820 3734 995 3787 ediciam
1019 3751 1070 3786 nos
1093 3733 1128 3787 cf.
1150 3739 1191 3800 12,
1207 3740 1267 3789 938.

298 3807 333 3857 28
352 3803 485 3859 dehabeat
503 3803 556 3857 LR
573 3820 642 3858 corr.
662 3822 676 3856 r
697 3803 740 3856 ed.
