3250 4350
555 446 560 456 ·
651 419 835 474 AENEIDOS
853 419 892 472 III
1218 419 1284 484 349

265 590 505 665 conprehendere
533 592 563 648 et
590 590 726 665 potentia
752 587 899 648 fluctuum
923 589 1021 647 vietus
1044 591 1089 648 est
1111 608 1165 647 nec
1187 589 1285 648 valuit

265 680 400 754 aliquem
414 681 508 754 sequi,
517 679 671 737 clamoren
684 680 851 737 inmensum
864 679 945 745 toltit,
958 695 1013 751 qno
1022 681 1133 751 pontus
1148 682 1174 736 et
1186 694 1285 736 ornnes

264 771 442 828 intremuere
463 769 562 827 nenne
578 769 754 841 penitusque
777 770 914 826 exterrito
936 768 1019 825 telins
1042 765 1152 826 Italiae
1174 769 1285 826 ennon·

265 875 322 931 qne
343 859 481 932 inmnpiit
502 856 600 916 Aenea
622 859 764 916 cavernis.
805 857 943 929 elamore,
966 855 1073 930 inquit,
1098 857 1160 914 eius
1184 855 1285 914 omnia

235 966 249 1006 o
266 948 481 1020 contremuere,
500 949 530 1004 et
546 947 610 1004 iam
627 945 746 1022 longius
769 948 870 1021 posita
893 947 923 1004 et
944 946 1041 1022 magis
1066 963 1142 1020 quae
1164 945 1285 1002 fuerant

264 1037 298 1093 in
331 1035 491 1111 praesenti.
540 1035 604 1093 vim
635 1035 773 1093 clamoris
811 1035 967 1110 expressit,
1005 1052 1076 1092 nam
1106 1033 1285 1092 inanimalia

266 1124 388 1199 quando
415 1121 585 1183 terrentii?
614 1125 667 1181 aut
694 1123 841 1198 quomodo
865 1125 953 1183 seivit
975 1122 1098 1182 Italiam
1119 1121 1284 1196 tremuisse,

265 1213 306 1272 ad
336 1232 426 1288 quam
453 1212 584 1272 nondum
611 1210 754 1271 venerat?
799 1217 830 1271 ot
855 1229 947 1286 penne
974 1213 1095 1271 estivis
1118 1210 1337 1286 Cyelopnmt'lt

265 1307 293 1362 et
314 1303 461 1361 montibus
485 1303 552 1360 ultis
576 1304 699 1361 excitum
720 1304 782 1360 enit
804 1302 844 1361 od
860 1306 966 1375 ponne
988 1305 1014 1359 et
1031 1302 1118 1359 litora
1136 1302 1284 1373 conplent:

222 1413 249 1452 re
266 1392 384 1466 quanta
410 1390 572 1450 multitudo
600 1392 672 1466 fuit,
701 1393 736 1449 ut
763 1391 854 1449 litora
883 1389 1027 1466 Cyclopes
1052 1390 1283 1465 conplevissentl

264 1474 414 1540 eerntmns
446 1480 591 1539 adstomes
621 1483 827 1554 nequicquam:
868 1480 935 1539 ideo
967 1481 1180 1555 nequicquam,
1214 1481 1285 1554 quia

264 1569 344 1628 nihil
366 1571 508 1644 poterant
530 1568 640 1628 endere
663 1569 811 1628 violenter
833 1569 974 1627 adversus
999 1587 1047 1628 eos
1074 1587 1148 1644 quos
1176 1568 1284 1627 libera·

264 1661 353 1717 verat
380 1658 453 1735 fuga
477 1660 507 1716 et
529 1659 631 1736 pelagi
655 1658 792 1716 altitudo.
839 1659 948 1717 lumine
975 1663 1068 1717 torno:
1100 1660 1149 1717 vel
1176 1662 1284 1717 natura

264 1748 314 1806 rol
347 1748 439 1824 irato,
472 1748 543 1822 quia
575 1746 767 1822 perdiderant
798 1747 950 1822 praedam.
999 1745 1145 1806 Aetnaeos
1175 1749 1284 1821 fratres

221 1837 345 1897 recocto
378 1837 477 1909 capito
508 1837 570 1895 otto
601 1838 735 1910 ferentia,
767 1838 920 1895 concilium
949 1836 1138 1904 torrendum,
1166 1834 1284 1910 [quates

266 1943 334 1984 enm
361 1927 465 1984 vertice
492 1926 565 1985 celso
593 1927 692 1984 nerine
721 1942 843 1999 qnerens
873 1928 926 1983 ont
954 1925 1099 1997 coniferae
1130 1927 1275 2000 cyparissi
1285 1931 1337 1979 680

267 2017 464 2083 constiterant,
488 2015 565 2074 sitne
588 2015 649 2073 olto
670 2015 751 2074 Ionis
775 2015 893 2073 tncnsoe
910 2012 1062 2088 DionoeJ:
1087 2015 1286 2091 constiterunt

266 2104 448 2179 proceritate
481 2105 528 2162 sui
559 2105 717 2162 vincentes
745 2103 885 2162 arborum
917 2103 1062 2162 celsarum
1094 2102 1285 2161 altitudinem

267 2194 501 2252 constitutarum
519 2194 552 2251 in
571 2193 693 2252 deorum
712 2192 796 2268 lueis,
811 2212 888 2267 quae
906 2192 1016 2251 ideireo
1035 2195 1187 2251 inmensae
1205 2195 1284 2267 sunt,

219 2284 340 2357 asquia
367 2285 487 2357 praeter
514 2285 653 2340 naturam
682 2300 768 2340 suam
797 2283 960 2357 plurimum
992 2285 1213 2356 consequuntur
1238 2284 1284 2340 in-

270 2373 420 2446 crementi,
435 2370 506 2428 dum
519 2370 696 2448 religionum
713 2389 803 2429 eausa
818 2374 995 2430 servantur·
1002 2373 1179 2444 proeetmtes
1192 2376 1285 2429 metus

270 2476 335 2519 acer
363 2462 424 2533 opit
450 2476 626 2533 qnocnnnqne
652 2460 785 2518 rudentis
812 2464 940 2519 nectere
968 2465 993 2518 et
1019 2462 1112 2519 nentis
1138 2462 1285 2519 intendere

270 2550 332 2608 oeta
354 2550 504 2609 secandis:
535 2549 727 2626 urgebamur,
750 2551 863 2625 inquit,
885 2552 969 2607 metu
992 2550 1145 2622 acerrimo,
1167 2551 1202 2606 ut
1224 2568 1285 2608 non

271 2637 329 2696 iam
353 2657 411 2713 quo
433 2638 585 2712 vellemus,
604 2637 705 2697 sedin
723 2657 940 2713 quamcumque
960 2638 1035 2696 eaeli
1053 2640 1169 2713 partem
1188 2639 1285 2696 inten-

226 2735 262 2783 te
273 2724 406 2786 daremus
424 2727 492 2785 vela
511 2730 541 2785 et
560 2728 792 2787 consentiremus
810 2730 907 2786 ventis
922 2726 1058 2786 secundis
1073 2725 1285 2786 adiuvantibus

273 2814 373 2893 sugam
391 2818 526 2875 nostram
545 2816 698 2891 oportunis
716 2816 837 2875 flatibus
856 2817 925 2874 suis.
962 2817 992 2874 et
1010 2815 1058 2873 hie
1077 2818 1107 2873 et
1126 2818 1158 2873 in
1177 2818 1284 2891 quarto

273 2902 345 2964 libro
370 2896 465 2986 (562)
493 2904 635 2963 secundos
655 2950 885 2964 ...........
932 2909 1032 2963 eontra
1058 2906 1143 2964 tussa
1169 2909 1287 2964 monent

341 3097 359 3143 4
376 3092 550 3174 anennpet
513 3091 566 3144 LR
585 3108 653 3145 corr.
671 3109 692 3145 r.
776 3097 791 3145 6
810 3092 1022 3146 anoneneolea
1035 3096 1049 3144 7
1069 3099 1119 3146 ant
1137 3109 1190 3145 om.
1205 3093 1248 3146 ed.

275 3163 416 3230 lqaondo
434 3161 478 3215 bis
498 3162 611 3231 scripsit
599 3163 682 3216 tLR
700 3164 786 3217 semel
804 3162 868 3217 ΗΟ.
941 3167 1061 3217 8eom.
1077 3163 1129 3216 LR
1148 3164 1248 3217 addr.

275 3235 411 3302 tconplet
428 3233 481 3287 LR
498 3236 625 3303 conplent
643 3236 692 3304 opt
693 3234 840 3304 im1Verg.
856 3233 931 3300 libri,
950 3234 996 3288 cui
1014 3234 1131 3288 lectioni
1149 3235 1241 3303 interp
1243 3251 1285 3288 re-

273 3305 339 3357 tatio
360 3305 895 3361 faverevidetur.12andineth
918 3322 987 3359 corr.
1005 3324 1020 3358 r
1038 3307 1081 3359 ed.
1162 3312 1194 3359 14
1213 3309 1285 3360 noto

274 3372 321 3428 th
340 3376 383 3429 ed.
403 3375 448 3430 vel
465 3377 511 3430 iro
529 3375 559 3429 ι’.
625 3382 658 3430 15
677 3378 812 3446 qnates—
825 3382 858 3431 17
877 3378 991 3430 Dionae
1010 3378 1090 3431 deest
1107 3377 1138 3430 in
1156 3378 1216 3443 th,
1235 3376 1284 3430 sed

273 3447 436 3516 explicatur.
493 3453 525 3500 18
544 3448 590 3501 sni
607 3447 659 3500 LR
677 3465 729 3502 sna
747 3449 790 3501 ed.
847 3454 879 3501 21
899 3449 1041 3518 netiqionis
1059 3448 1102 3501 cd.
1158 3453 1192 3501 24
1210 3450 1285 3502 vetti·

273 3535 330 3574 nna
348 3518 402 3571 LR
420 3534 488 3571 eorr.
508 3519 583 3572 red
644 3524 677 3571 27
698 3520 767 3573 libro
785 3519 838 3572 LR
856 3519 1031 3588 „fluctusque
1050 3522 1126 3574 atros
1145 3519 1285 3588 Aquilone

273 3589 387 3644 secabat
407 3589 444 3642 ad
462 3588 538 3642 mala
556 3589 693 3659 fugienda
712 3590 785 3643 sibi“
804 3590 869 3660 inep
871 3594 899 3644 te
919 3591 983 3645 add
999 3591 1042 3644 cd.
1060 3593 1063 3661 Ι
1083 3590 1215 3645 secundos
1233 3589 1285 3643 LR

272 3662 325 3717 ntis
344 3660 394 3714 adI
413 3660 460 3715 -do
480 3661 580 3730 edFl
614 3660 786 3715 lacunams
829 3663 887 3729 avi,
911 3662 979 3730 quia
1001 3663 1072 3717 dicit
1093 3662 1125 3716 de
1148 3661 1218 3732 fnpa
1240 3662 1286 3716 vel

271 3732 362 3786 simile
381 3730 491 3800 aliquid
510 3732 647 3785 excidisse
666 3735 789 3802 put030
775 3679 902 3803 linquae
926 3734 963 3786 ad
987 3739 1014 3798 5,
1031 3739 1046 3786 2
1071 3733 1107 3787 de
1132 3735 1285 3787 nostroet

270 3804 366 3873 quarti
383 3802 452 3857 libri
470 3802 532 3856 loco
552 3803 687 3873 disputat
