3250 4350
596 451 598 455 .
704 403 887 459 AENEIDOS
906 405 944 458 IV
1270 405 1335 469 365

319 592 387 632 eam
410 573 581 649 patiebatur
603 573 665 631 ullo
689 575 721 631 in
744 574 809 634 loco
834 575 1008 646 consistere,
1037 576 1073 631 ut
1094 576 1220 652 vaganti
1241 576 1336 634 totius

320 664 454 722 civitatis
478 681 537 721 non
560 661 729 721 sufficerent
752 664 859 739 spatia.
906 663 958 722 dat
981 662 1210 722 similitudinem
1237 666 1336 739 poeta,

320 756 356 812 ut
383 751 521 811 ostendat
548 750 798 826 quemadmodum
824 771 879 827 per
905 754 1003 810 totam
1028 753 1132 810 urbem
1155 751 1234 811 Dido
1261 753 1336 810 fere-

319 839 411 899 batur
430 842 460 898 et
479 839 549 898 data
568 839 752 898 discurrendi
770 843 931 900 necessitas
955 842 1067 901 fuerat:
1090 841 1187 912 qualis
1210 842 1336 900 coniecta

293 946 408 988 acerva
434 931 553 1004 sapite,
580 947 669 1002 qaam
691 930 797 1002 procu
821 931 971 990 incoatem
993 946 1113 988 amora
1134 930 1210 988 ieter
1235 929 1336 990 &aaa
1356 939 1389 988 ‘10

320 1019 388 1091 ficit
403 1023 508 1092 pastor
530 1035 620 1092 aperis
642 1020 705 1078 telis
723 1020 861 1092 licuitque
876 1019 993 1078 volatile
1009 1020 1123 1091 ferrum
1140 1021 1264 1087 meina
1282 1020 1337 1078 illu

320 1111 396 1183 supa
418 1109 509 1167 siluas
532 1108 682 1181 satusque
699 1111 842 1181 percarui
859 1109 1006 1175 Dictms,
1023 1108 1122 1166 haeret
1139 1109 1224 1167 lateri
1241 1108 1337 1167 letalis

319 1196 472 1256 berredo:
494 1197 642 1255 Didonem
661 1198 838 1272 conparavit
856 1216 967 1271 cervae,
987 1197 1078 1255 silvas
1097 1198 1224 1271 civitati,
1242 1197 1336 1256 mobi-
1402 1264 1405 1268 ,

319 1287 440 1344 litatem
459 1303 563 1345 cervae
580 1284 705 1345 Didonis
724 1285 915 1363 discursibus,
934 1287 1078 1362 sagittam
1095 1289 1226 1361 pastoris
1245 1289 1337 1365 sagit·

280 1397 306 1436 ro
319 1378 371 1434 tae
388 1373 551 1450 Cupidinis,
565 1377 717 1449 pastorem
732 1372 881 1449 Cupidini,
896 1394 1016 1434 cursum
1033 1375 1216 1434 inefficacem
1232 1395 1336 1435 cervae

320 1482 389 1523 cum
413 1462 539 1522 Didonis
568 1465 695 1522 errantis
723 1463 917 1523 inmoderatis
945 1464 1137 1523 anfractibus.
1184 1465 1337 1524 subtracto

320 1551 528 1612 similitudinis
551 1553 640 1611 istius
662 1555 746 1611 textu
770 1553 970 1628 superioribus
993 1553 1137 1613 inferiora
1158 1556 1337 1632 iunguntur:

319 1641 436 1700 dictum
460 1645 505 1700 est
528 1642 607 1699 enim
629 1641 727 1700 uritur
748 1642 854 1700 infelix
873 1642 951 1701 Dido
972 1646 1099 1717 totaque
1117 1647 1247 1721 vagatur
1264 1644 1337 1703 urbe

319 1733 435 1807 furens,
463 1732 630 1789 conectitur
656 1749 735 1790 acac
761 1733 858 1790 medie
879 1731 1003 1791 Aeneae
1029 1749 1127 1790 secam
1143 1751 1201 1806 per
1223 1736 1338 1792 moenia

277 1821 403 1882 reducit
428 1817 639 1894 [Sidoniasque
666 1824 788 1879 ostentat
814 1838 881 1893 opes
908 1822 1062 1894 arborique
1083 1821 1259 1898 paratumst·
1294 1824 1337 1881 sic
1357 1832 1391 1882 75

320 1909 441 1967 furebat
463 1908 556 1982 Dido,
584 1911 626 1968 sic
654 1929 707 1984 per
728 1912 826 1969 totam
848 1909 953 1967 urbem
976 1908 1086 1968 amoris
1110 1911 1262 1986 exagitata
1285 1913 1337 1970 sti-

320 1997 414 2056 mulis
437 1997 597 2071 ferebatur,
620 2001 654 2057 ut
677 2016 695 2054 a
719 2000 779 2057 suis
803 1998 1008 2073 conspectibus
1027 1999 1150 2056 Aenean
1172 2018 1232 2058 non
1255 2003 1337 2075 pate·

320 2089 406 2145 retur
433 2086 597 2146 abscedere.
643 2086 782 2159 ducebat,
814 2089 928 2161 inquit,
960 2107 1028 2146 eum
1055 2105 1156 2146 secum
1185 2090 1277 2164 atque
1304 2092 1338 2146 ut

321 2179 387 2236 cius
409 2177 580 2251 praesentia
602 2196 662 2235 non
685 2177 839 2235 videretur
859 2195 922 2235 esse
940 2177 1099 2253 superflua,
1118 2178 1293 2237 ostendebat
1311 2180 1339 2237 ei

276 2289 307 2328 ao
322 2265 463 2325 Sidonias
491 2284 561 2341 opes
589 2264 751 2341 urbemque
778 2269 930 2340 paratam,
961 2267 1149 2327 monstrabat
1176 2269 1203 2326 ei
1231 2268 1338 2344 quibus

323 2355 463 2432 naufragi
487 2356 604 2413 animus
627 2357 658 2413 et
681 2354 716 2414 de
739 2353 929 2415 institutione
951 2359 1023 2416 novi
1041 2356 1186 2415 domicilii
1204 2359 1338 2435 cogitans

323 2445 392 2518 capi
418 2442 537 2501 facilius
565 2445 674 2518 posset.
720 2446 772 2519 qui
800 2446 880 2503 enim
908 2464 967 2504 non
989 2450 1141 2506 teneretur
1163 2446 1340 2503 divitiarum

323 2532 491 2590 alienarum
518 2551 569 2607 spe
598 2535 628 2590 et
656 2532 774 2591 adfectu
802 2534 866 2592 eius
889 2534 972 2593 urbis
996 2555 1084 2611 quam
1109 2536 1231 2593 alterius
1253 2533 1340 2592 labor
1395 2554 1399 2562 ·

323 2622 355 2679 et
381 2622 527 2679 instantia
554 2620 762 2697 procurasset?
790 2622 842 2682 sed
864 2624 921 2682 hoc
943 2642 998 2699 pro
1022 2625 1120 2683 animo
1143 2622 1270 2682 Didonis
1294 2625 1339 2681 est

279 2711 469 2786 repositum:
488 2713 618 2769 ceterum
632 2710 748 2770 Aeneas
765 2731 882 2771 amores
900 2714 964 2772 eius
978 2713 1165 2787 furoremque
1180 2712 1338 2771 nesciebat.

323 2802 428 2872 incipiit
449 2801 536 2871 efferi
559 2801 709 2874 mediaque
731 2803 764 2859 ia
784 2818 853 2861 eece
874 2804 995 2862 resistit:
1027 2802 1156 2860 addebat
1180 2802 1218 2860 ad
1240 2821 1338 2861 moras

323 2888 494 2946 fabularum
517 2888 652 2948 inanium
674 2893 789 2949 textum
811 2891 985 2967 praecidens
1008 2891 1167 2950 verborum
1185 2893 1339 2950 continua-

324 2978 446 3049 tionem,
469 2980 504 3035 ut
526 2978 669 3054 loquendi
692 2979 790 3054 spatia
813 2981 961 3054 proferret
982 2981 1014 3037 in
1037 2981 1168 3059 longum.
1211 2979 1338 3039 Iliacos·

324 3085 379 3139 pec
410 3068 516 3124 iterem
548 3067 664 3126 demens
696 3070 800 3127 audire
832 3069 945 3127 labores
981 3073 1121 3142 exposcit:
1157 3070 1339 3145 consumptis

279 3178 310 3218 ao
324 3154 461 3214 omnibus
479 3156 711 3231 inventionibus,
730 3175 796 3215 oum
815 3158 877 3216 iam
894 3158 971 3217 nihil
989 3161 1067 3217 esset
1086 3158 1166 3234 quod
1184 3158 1223 3217 ad
1240 3177 1339 3217 moras

397 3366 414 3412 4
433 3360 482 3414 dat
500 3360 552 3414 LR
570 3362 638 3416 dcta
656 3360 741 3416 HOU
759 3363 803 3416 ed.
899 3369 931 3416 12
950 3368 1026 3418 texta
1044 3362 1097 3415 LR
1114 3367 1241 3416 commeta
1260 3363 1303 3416 ed.

326 3438 359 3485 lo
370 3432 728 3501 Sidoniasque—paratam
738 3434 818 3487 deest
827 3435 856 3488 in
865 3432 925 3499 th,
937 3436 987 3489 aed
997 3434 1162 3503 explicatur.
1206 3438 1243 3485 19
1253 3438 1340 3488 ortem

324 3503 374 3557 deb
394 3503 415 3556 L
434 3503 464 3555 in
483 3505 542 3557 bet
560 3520 629 3558 corr.
648 3519 722 3558 man.
737 3504 763 3557 H
782 3505 862 3559 -baat
878 3504 911 3558 It.
980 3510 1015 3559 20
1033 3507 1059 3559 ei
1076 3504 1176 3574 poetae
1193 3503 1247 3557 LB
1264 3521 1297 3559 ea
1314 3519 1338 3555 a.

324 3575 368 3629 ed.
443 3580 475 3627 21
495 3574 619 3644 copitaus
636 3574 689 3627 LR
707 3574 750 3627 ed.
769 3577 933 3646 eopitmvtie?
1009 3581 1043 3628 ῃ
1063 3576 1112 3645 pai
1129 3578 1175 3644 (a
1189 3588 1301 3699 Ἥιοιιιοι

325 3645 377 3698 aa
396 3647 458 3713 qais
476 3645 519 3698 ed.
580 3650 613 3701 23
633 3646 658 3699 ei
675 3662 727 3713 pro
746 3647 786 3700 ei’
803 3672 838 3693 ε
851 3648 910 3701 eiua
928 3647 960 3700 R.
1025 3652 1059 3699 25
1077 3646 1181 3701 amoro
1225 3644 1252 3700 R
1266 3658 1293 3698 ,ν

324 3718 496 3785 furoremque
515 3715 567 3769 LR
585 3733 637 3786 que
654 3732 708 3770 om
729 3716 771 3770 ed.
881 3722 914 3770 27
933 3723 1036 3773 uatem
1053 3716 1079 3769 ri
1097 3715 1236 3772 teeiemli

321 3790 485 3857 positionem
504 3787 546 3841 ed.
1234 3811 1241 3844 τ
