3250 4350
709 401 893 457 sensuros
912 402 937 455 v
1268 401 1335 468 503

312 588 388 629 voce
406 571 549 646 poscebat
562 573 594 628 in
609 572 763 630 auxilium
800 571 938 645 Iuppiter
951 574 1141 645 omniprotens,
1159 574 1187 631 sr'
1203 572 1336 631 condemn

313 677 419 718 erosos
443 661 483 719 ad
504 679 598 718 ocem
624 661 777 729 Troianos,
803 662 832 719 si
856 661 928 734 quid
949 663 1048 734 pietas
1075 663 1199 734 antiquo
1221 663 1336 721 lobmes

313 751 435 821 respicit
455 750 608 818 temones,
631 750 672 809 da
694 751 848 821 flammam
871 750 991 809 madre
1013 750 1102 809 classi
1124 768 1211 819 runc,
1228 753 1328 823 putea
1337 755 1393 803 690

316 842 343 896 et
365 839 460 896 terreis
475 839 620 897 Terrerrrn
637 855 684 898 res
708 841 786 911 eripe
803 839 873 898 lete:
895 839 1057 914 conplexus
1076 841 1122 897 est
1139 841 1240 897 omnia
1259 847 1336 914 quae

281 944 372 1001 spro
390 927 537 985 malorum
555 927 731 986 necessitate
751 928 873 987 fuerant
890 926 1086 1003 postulanda3
1109 927 1208 986 tenuit
1225 929 1336 1004 quippe

317 1033 394 1090 quae
427 1016 466 1075 ad
500 1016 713 1091 inpetrandum
748 1015 891 1091 proficere
925 1015 1115 1091 potuissent‘
1162 1017 1206 1076 ait
1241 1016 1337 1095 igitur

316 1103 468 1181 Iuppiter:
493 1106 571 1180 quod
596 1105 620 1165 si
640 1107 718 1165 osset
740 1105 847 1179 solum,
870 1105 1020 1164 sufficeret
1042 1105 1130 1164 illum
1148 1106 1337 1165 nominatum

317 1213 380 1253 esse
408 1194 460 1269 qui
487 1197 588 1270 posset
615 1194 767 1269 auxiliari3
799 1193 917 1253 addidit
944 1195 1146 1270 omnipotens:
1176 1195 1229 1270 qui
1247 1196 1337 1254 ‚enim

316 1283 491 1358 praestandi
517 1283 609 1342 habet
637 1284 839 1343 substantiam
860 1283 948 1345 valet¹
970 1284 1063 1342 etiam
1085 1282 1223 1342 difficilia
1246 1285 1336 1358 utque

270 1391 302 1432 ao
318 1371 412 1429 ardua
436 1391 594 1438 removere.
641 1372 776 1432 restabat
797 1374 834 1431 ut
856 1373 960 1448 vellet3
983 1391 1043 1432 non
1067 1373 1146 1430 enim
1169 1371 1338 1432 sufficiebat

316 1478 417 1536 posse,
446 1461 506 1519 nisi
538 1464 568 1519 et
591 1462 731 1522 voluntas
765 1461 930 1521 accederet:
960 1464 1144 1537 quapropter
1171 1461 1289 1521 addidit
1311 1462 1338 1520 si

316 1551 419 1608 tamen
442 1567 502 1608 non
521 1569 622 1610 omnes
645 1551 702 1609 tibi
725 1551 794 1611 odio
818 1569 933 1623 sumus3
956 1550 1046 1610 multi
1069 1552 1147 1609 enim
1171 1552 1238 1627 ipso
1257 1552 1337 1609 eoni-

316 1640 406 1696 vonte
419 1637 452 1695 in
467 1638 557 1698 Troia
571 1641 731 1715 perierant.
768 1640 881 1699 idcirco
894 1639 970 1698 dixit
984 1639 1009 1698 si
1023 1639 1155 1699 nondum
1174 1658 1279 1698 exosus
1299 1639 1341 1698 ad.

316 1746 411 1784 unum
435 1727 594 1786 Troianos:
623 1729 703 1804 quod
725 1731 769 1788 ait
792 1728 832 1787 ad
853 1748 961 1802 unum,
988 1729 1044 1789 hoc
1071 1729 1206 1807 intellegi
1236 1729 1337 1788 debet:

270 1835 302 1877 ns
318 1815 345 1875 si
368 1834 427 1873 non
452 1816 544 1874 etiam
562 1836 609 1875 me
628 1817 721 1877 odisti
738 1820 769 1876 et
786 1835 835 1876 me
853 1837 973 1893 quoque
991 1836 1060 1876 cum
1079 1819 1184 1877 ceteris
1199 1819 1337 1877 'infensus

316 1905 497 1979 insequeris,
525 1905 563 1963 da
590 1906 709 1965 recedat
732 1925 750 1964 a
773 1924 841 1963 mea
868 1906 961 1965 classe
988 1906 1168 1965 incendium.
1220 1907 1338 1965 addidit

317 1993 358 2052 ad
388 1993 630 2053 commovendam
662 1996 883 2054 miserationem
916 1997 1059 2071 egestatis
1087 1999 1118 2054 et
1149 1996 1337 2072 paupertatis

318 2082 490 2160 angustias,
514 2102 591 2157 quae
614 2102 840 2160 nonnumquam
862 2084 955 2143 etiam
981 2083 1171 2143 inimicorum
1194 2084 1338 2143 duritiam

316 2171 469 2231 molliunt.
514 2174 559 2234 rel
581 2178 613 2232 tc
640 2174 717 2248 quod
743 2176 876 2248 superest
900 2174 1005 2246 infesto
1031 2174 1157 2246 setmtm
1183 2177 1283 2241 morti,
1311 2177 1339 2233 sr‘

270 2282 304 2323 so
318 2278 442 2329 mereor,
465 2262 575 2321 dimitte
598 2268 705 2337 tuoque
725 2263 773 2323 bic
795 2264 885 2322 obrue
903 2263 1022 2321 dentre:
1044 2281 1110 2321 ecee
1129 2264 1247 2338 aperuit
1266 2262 1339 2338 quid

318 2352 362 2409 sit
385 2350 465 2425 quod
489 2350 565 2409 dixit
588 2351 767 2411 sinendum
790 2370 895 2411 exosus
919 2351 958 2410 ad
980 2372 1088 2429 unum;
1116 2352 1159 2410 ait
1183 2352 1262 2410 enim
1286 2354 1339 2426 aut

318 2439 347 2498 si
370 2442 401 2497 et
424 2457 479 2515 ego
503 2450 563 2499 non
585 2460 700 2499 mereor
718 2441 828 2516 vivere,
852 2460 911 2501 non
930 2442 1080 2500 exemcier
1097 2441 1195 2514 malis,
1217 2443 1338 2515 peream

317 2527 410 2588 semel
434 2529 465 2587 et
487 2528 631 2587 inteream
654 2530 779 2590 fulmine
802 2532 863 2589 tuo.
909 2530 1038 2589 libenter
1059 2535 1192 2606 peream,
1221 2530 1248 2588 si
1270 2528 1338 2587 dex·

317 2620 385 2675 tera
415 2619 470 2675 tua
497 2618 573 2676 mihi
603 2620 764 2696 eontigerit
792 2621 877 2681 mori
930 2621 980 2678 rte
1002 2620 1072 2678 boec
1101 2618 1240 2686 ediderat,
1272 2635 1339 2677 cam

270 2727 302 2768 ss
318 2707 422 2780 effusis
444 2707 587 2765 imbribus
611 2711 678 2767 atra
700 2712 853 2782 temperas
874 2711 939 2768 stre
966 2726 1046 2767 mere
1072 2709 1149 2782 ferit
1173 2709 1346 2782 tonitruque·

317 2797 490 2853 tremisceret
512 2795 610 2867 ordeo
632 2801 779 2856 terrorrcrr
803 2801 830 2855 et
851 2799 957 2870 compi,
980 2800 1043 2856 ruit
1064 2798 1176 2857 actim
1193 2801 1250 2856 tote
1268 2800 1392 2856 ter-695

318 2883 407 2943 bidus
425 2884 615 2958 imbercurte
633 2886 787 2963 dumisque
803 2889 983 2959 asperrimos
1001 2888 1112 2945 oretis
1133 2887 1339 2960 inplentrrqere

316 2990 410 3045 super
426 2990 552 3045 puppes,
582 2978 710 3033 semusto
731 2976 903 3034 moderent
922 2975 1042 3043 robora,
1074 2976 1227 3035 restcdus
1250 2975 1339 3035 donec

317 3077 414 3134 ceper
443 3064 538 3120 omnis
566 3066 592 3120 et
618 3079 716 3123 omnes
740 3068 878 3138 quotuor
905 3066 1023 3123 orcus&
1049 3068 1182 3124 servatae
1213 3084 1233 3123 a
1257 3069 1339 3137 peste

270 3152 457 3213 secernere:
484 3151 625 3209 meritum
647 3151 703 3211 hoc
730 3153 795 3212 loeo
822 3152 973 3228 poscentis
1001 3153 1167 3213 ostenditur
1194 3155 1225 3212 et
1251 3154 1338 3213 bene-
1409 3156 1419 3168 ⁸

394 3359 410 3406 3
430 3356 495 3422 post
513 3361 591 3422 pater
610 3370 658 3407 sex
675 3354 788 3410 litterae
808 3373 905 3411 erasae
923 3357 953 3410 in
967 3357 989 3410 L
1003 3356 1075 3411 nihil
1094 3357 1181 3410 deest.
1245 3361 1259 3409 7
1278 3357 1337 3423 sef-

316 3426 416 3493 ficerot
434 3424 486 3477 LR
508 3426 652 3491 suffecerat
674 3444 689 3480 r
707 3427 750 3481 ed.
842 3433 858 3481 8
878 3428 959 3482 addit
980 3429 1023 3481 ed.
1115 3433 1148 3481 12
1167 3429 1339 3482 conveniente

317 3496 374 3550 ΕΒ
393 3495 437 3549 ed.
457 3496 595 3550 conivente
614 3496 657 3551 ed.
676 3499 749 3566 post.
833 3504 866 3551 16
886 3499 924 3554 da
942 3498 994 3551 LR
1011 3500 1049 3552 da
1067 3505 1099 3552 ut
1117 3498 1160 3552 ed.
1222 3503 1272 3551 v21
1292 3515 1337 3552 ee·

318 3584 414 3623 eossrrs
432 3566 458 3619 R
476 3583 604 3621 meamus
622 3567 643 3620 L
662 3572 758 3637 (snpra
776 3572 891 3640 mone).
965 3575 1070 3623 {sl-22
1090 3575 1141 3623 aut
1158 3569 1184 3623 si
1201 3574 1228 3623 et
1244 3567 1297 3621 LR
1313 3569 1340 3622 si

315 3639 365 3693 ed.
423 3642 456 3690 22
475 3653 533 3690 corr
550 3640 688 3694 creemur
705 3639 758 3693 LR
776 3640 814 3695 do
832 3658 866 3695 ree
883 3659 905 3696 e.
920 3640 963 3695 ed.
980 3643 985 3709 Ι
1000 3640 1082 3695 molis
1095 3638 1148 3691 LR
1165 3645 1205 3693 tot
1221 3657 1256 3693 m.
1271 3638 1313 3693 ed.
1332 3639 1336 3651 '

312 3725 431 3781 peream
449 3707 502 3760 LR
523 3709 570 3762 sed
585 3710 680 3777 potius
694 3728 723 3779 p.
743 3712 786 3767 ed.
878 3718 912 3766 23
928 3728 1038 3782 peream
1056 3709 1108 3763 LR
1127 3711 1223 3780 peribo
1241 3708 1285 3766 ed.

317 3786 355 3837 24
375 3779 542 3848 continuerit
558 3779 588 3833 L.
661 3787 695 3836 26
715 3789 877 3838 treruscrret
894 3783 920 3836 R
938 3800 1007 3838 corr.
1026 3800 1088 3837 r==
1102 3780 1133 3836 L,
