3250 4350
683 411 866 467 AENEIDOS
884 412 897 465 I
1185 459 1187 462 .
1254 413 1295 476 61

280 600 348 642 mea
372 601 412 658 es,
435 581 492 640 tibi
515 601 606 657 quem
627 582 819 641 vehementer
836 582 998 642 sollicitam
1016 581 1111 658 video,
1130 583 1188 641 tibi
1207 601 1298 658 quem

280 671 350 730 nolo
379 670 482 730 vereri
509 671 681 747 angoribus*
698 670 861 744 diutumis‚
887 671 954 730 tibi·
969 669 1055 729 fabor
1077 671 1158 746 quod
1179 674 1298 747 praeter

278 764 309 819 te
334 759 455 818 nullum
477 761 616 819 convenit
638 778 733 820 nosse.
779 762 856 818 euim
878 761 996 834 quoodo
1018 761 1088 818 haee
1110 765 1136 818 le
1158 777 1231 818 curo
1253 777 1298 818 re·

278 849 401 916 mordet,
425 849 539 922 loeplus
562 848 693 907 ceoleeeur
715 850 846 921 fatorum
868 866 981 909 arcano
1003 851 1134 908 movebo:
1166 868 1230 927 ego,
1253 850 1297 906 in-

279 940 361 1014 quit,
385 938 489 1012 paucis
511 940 542 996 te
564 938 742 998 instructam
764 937 887 996 reddere
909 939 1011 1012 debui,
1034 938 1085 998 sed
1108 939 1179 1013 quia
1203 939 1297 1016 aegri-

278 1027 353 1087 tudo
389 1027 483 1084 enimi
513 1028 561 1085 tui
592 1045 653 1085 non
684 1029 784 1101 potest
816 1029 935 1102 penitus
972 1027 1119 1086 brevitate
1156 1027 1298 1085 sermonis

278 1116 414 1190 excludi,
441 1117 513 1174 uter
539 1116 712 1191 prolixitate
737 1115 892 1189 narrandi,
919 1123 954 1174 ut
976 1116 1081 1174 edocte
1103 1117 1135 1173 in
1159 1115 1298 1174 omnibus

278 1205 419 1265 omnium
446 1208 567 1263 tuorum
593 1205 658 1263 fetu
686 1203 858 1264 condiscens
880 1204 999 1264 laeteris
1021 1207 1172 1281 prosperis
1196 1207 1226 1262 et
1248 1223 1297 1278 pe·

280 1296 363 1353 nitus
394 1293 487 1352 enimi
513 1289 838 1353 maeroresexoludes.
883 1293 932 1352 hic
959 1294 1041 1352 locus
1065 1294 1221 1352 ordinatur
1243 1294 1298 1352 sic:

279 1384 330 1443 hic
366 1382 426 1441 tibi
461 1382 560 1457 fabor,
597 1381 716 1458 quando
753 1383 832 1440 enim
869 1383 941 1441 haec
973 1387 1003 1440 te
1036 1401 1107 1442 oure
1142 1380 1298 1441 remordet.

279 1473 390 1532 bellum
421 1473 523 1544 trepens
553 1477 632 1544 peret
656 1473 774 1531 llole'o:
801 1491 861 1530 non
888 1471 1011 1530 Italiam
1043 1471 1116 1530 dicit
1147 1474 1299 1549 gesturam

278 1562 404 1635 bellum,
428 1560 516 1618 sicuti
539 1561 594 1618 elii
615 1563 732 1636 putant,
756 1561 808 1619 sed
826 1561 947 1619 Aenean
966 1565 1119 1638 gesturum
1138 1561 1250 1619 bellum
1268 1560 1299 1617 in

279 1651 387 1724 Italia3
425 1648 551 1708 deducta
579 1651 658 1707 enim
685 1649 716 1707 in
744 1649 965 1725 praepositione
997 1644 1073 1708 dixit
1100 1654 1183 1728 geret
1210 1649 1300 1708 Italia

282 1739 396 1798 bellum
427 1739 484 1797 hoc
515 1741 561 1798 est
591 1738 623 1795 in
653 1737 753 1798 Itelie.
799 1739 927 1814 denique
960 1738 1094 1814 sequitur
1118 1739 1301 1812 populosque

270 1869 271 1878 ι
283 1830 392 1900 seroces
421 1828 576 1886 contundet
600 1844 748 1900 moresque
779 1829 852 1886 eires
884 1832 910 1885 el
939 1829 1055 1886 moenia
1082 1833 1179 1901 ponet.
1231 1845 1299 1902 prou

283 1919 405 1976 nuntiat
432 1916 569 1975 futurum
596 1917 717 1992 quidem
743 1917 873 1994 ingentis
901 1917 974 1976 belli
1000 1935 1114 1991 curem,
1147 1916 1198 1976 sed
1222 1916 1300 1974 bonu

283 2009 467 2082 proventuro
489 2007 639 2080 posterius
657 2005 766 2065 iterum
784 2006 880 2082 ponit·
891 2005 990 2066 dicens
1010 2009 1095 2065 tertia
1113 2007 1184 2064 dum
1202 2005 1291 2064 Latio
1302 2014 1353 2063 266

283 2099 453 2168 remeantem
475 2095 580 2153 olderll
602 2099 712 2154 aestas:
741 2095 773 2153 id
796 2099 842 2154 est
863 2095 981 2155 modico
1004 2097 1138 2170 tempore
1160 2096 1300 2172 regnetu-

286 2205 351 2243 mm
374 2184 505 2259 Aenean,
529 2185 584 2243 hoo
607 2188 652 2243 est
674 2186 812 2258 triennio,
836 2204 962 2260 cumque
987 2185 1043 2246 hoc
1066 2185 1148 2260 dicit,
1171 2184 1301 2244 ostendit

270 2273 392 2348 »procul
405 2273 496 2332 dubio
510 2274 696 2350 moritumm,
711 2275 763 2332 sed
782 2274 862 2348 quod
879 2275 938 2333 fuit
955 2275 1042 2334 triste
1059 2274 1302 2350 praetermissum

291 2365 337 2420 est.
385 2365 521 2437 sequenti
542 2366 643 2421 temen
667 2362 809 2422 sermonis
834 2364 928 2438 ipsius
951 2382 1038 2423 cursu
1060 2364 1147 2439 ponit
1174 2368 1206 2421 ul
1224 2379 1302 2436 puer

293 2449 444 2519 Asconius,
464 2454 512 2510 cul
533 2469 612 2510 creec
634 2469 789 2525 eopeomce
812 2453 881 2509 Icelo
904 2452 1123 2521 additur,1les
1141 2456 1212 2520 erat,
1231 2452 1302 2509 dom

295 2556 333 2598 res
359 2542 436 2599 stetit
458 2541 481 2597 I
482 2541 524 2598 llo
551 2557 652 2613 repete,
680 2543 800 2615 triptota
826 2558 949 2614 mepnos
975 2542 1123 2600 volvendis
1154 2541 1302 2599 mensibus

298 2629 369 2687 ortes
390 2631 513 2703 imperio
537 2630 658 2703 replebit
674 2647 851 2703 reporemqee
869 2631 906 2688 ol
924 2630 991 2689 sede
1008 2630 1120 2688 Loolec'
1138 2630 1294 2702 transferet
1303 2636 1355 2684 2⁹10

274 2712 577 2793 reuocatumque
603 2720 633 2776 ol
658 2720 770 2777 meerlel
790 2717 913 2788 Album,
937 2721 972 2777 ut
994 2719 1162 2778 ostenderet
1183 2718 1302 2777 Aeneue

302 2822 347 2864 uon
369 2806 532 2866 extrarium
555 2807 695 2883 aliquem,
722 2807 773 2867 sed
796 2808 893 2866 filium
915 2826 1126 2881 successurum,
1154 2808 1234 2883 quod
1257 2811 1302 2867 est

305 2895 424 2955 omnibus
452 2895 584 2972 optabile
611 2895 799 2971 perentibus,
827 2893 1009 2972 eundemque
1037 2898 1201 2955 feliciorem
1229 2898 1302 2970 fore,

305 2979 466 3043 intantum
492 2987 527 3043 ut
554 2984 634 3060 quod
660 2989 746 3061 puter
772 2986 901 3046 triennio
929 2988 1074 3045 tenuisset
1100 2986 1152 3043 ille
1179 2986 1303 3045 heberet

306 3069 457 3140 perennes
481 3073 615 3151 triginta.
660 3094 778 3134 rursum
801 3094 869 3134 cum
891 3075 979 3133 finem
1002 3074 1162 3149 pollicetur
1183 3076 1303 3149 imperii

284 3166 367 3220 lluiuo
388 3164 539 3222 tricesimo
562 3167 728 3238 transacto,
751 3164 882 3225 ostendit
905 3166 997 3222 etiem
1018 3166 1118 3238 ipsum
1140 3164 1304 3222 Ascanium

270 3389 272 3427 ι
362 3374 376 3421 3
395 3369 508 3437 quueedo
521 3369 573 3422 LR
592 3372 664 3424 euim
683 3368 781 3422 addidi
795 3371 911 3437 propter
925 3369 1041 3436 interpr.
1098 3370 1209 3422 teloelo
1224 3368 1266 3421 ed.

270 3469 272 3482 ι
308 3436 448 3495 Somnium
470 3456 524 3494 om.
544 3440 587 3495 ed.
680 3444 712 3493 10
736 3440 819 3506 fabor
837 3441 947 3507 qearedo
966 3442 1039 3494 enirn
1058 3439 1109 3492 LIt
1132 3440 1152 3505 s.
1173 3440 1262 3507 inquil
1282 3456 1302 3492 e.

270 3553 272 3560 .
306 3521 337 3571 lu.
354 3511 395 3565 ed.
472 3516 504 3566 11
525 3528 581 3566 reon
600 3513 715 3566 Italiam
733 3513 786 3583 etc.-
807 3511 841 3563 cf.
863 3518 904 3579 10,
919 3516 943 3565 8.
1018 3516 1051 3564 16
1070 3512 1168 3581 tepens
1186 3510 1238 3563 LR
1260 3514 1302 3564 ιιι,-

270 3590 272 3596 ’
305 3584 377 3643 certic
393 3600 408 3636 r
426 3583 597 3653 inpentemL
615 3582 778 3637 Hmened.
832 3587 863 3635 17
883 3586 949 3652 post
963 3584 1045 3650 ponit
1062 3598 1161 3636 rusnru
1180 3581 1304 3649 quinque

305 3646 349 3705 lere
365 3653 527 3709 litterarum
545 3654 576 3707 in
593 3653 623 3708 L.
643 3678 645 3682 ·
680 3659 714 3705 24
733 3654 850 3722 explevit
868 3654 919 3706 LIt
939 3670 1007 3707 corr.
1027 3671 1048 3708 r.
1071 3654 1074 3725 l
1100 3656 1134 3707 ab
1153 3652 1205 3706 LR
1224 3671 1242 3706 a
1260 3654 1303 3706 ed.

344 3731 376 3779 26
400 3728 555 3780 extrarium
577 3726 696 3794 aliquem
714 3725 739 3777 R
762 3726 919 3779 extractum
942 3726 978 3779 al.
999 3724 1020 3777 L
1044 3726 1161 3791 aliquem
1187 3740 1240 3777 om.
1261 3725 1303 3777 ed.

303 3795 441 3860 (meamus
459 3811 544 3866 euepe
564 3796 598 3851 cf.
615 3798 685 3866 358).
741 3802 774 3848 27
793 3798 958 3864 emedemque
976 3795 1029 3848 LR
1047 3813 1108 3851 eum
1127 3796 1242 3863 denique
1260 3796 1304 3848 ed.
