3250 4350
567 437 571 446 ·
653 412 835 468 AENEIDOS
854 413 893 466 HI
1219 411 1283 476 281

263 584 360 642 batur
387 581 537 642 adsereret
564 582 713 642 custodiri.
758 581 870 641 idcirco
898 583 943 641 ait
966 582 1036 640 hinc
1058 585 1156 640 meter
1178 580 1287 639 cultrix

267 671 381 747 Cybele
411 670 651 747 Corybantiaque
679 691 748 731 aera
774 671 959 746 Idaeumque
986 689 1103 744 nemus,
1130 671 1200 729 hinc
1226 669 1288 728 fida

265 761 391 820 silentia
418 762 510 820 sacris
537 763 568 820 et
593 760 689 819 iuncti
717 780 838 820 currum
865 761 1002 819 dominae
1030 758 1146 818 subiere
1177 761 1287 818 leones.

265 868 341 928 ergo
364 850 446 928 agite
469 854 499 909 et
522 849 624 909 divum
643 850 755 909 ducunt
773 869 834 926 qua
851 850 933 908 iussa
952 868 1126 924 sequamur:
1150 867 1215 906 ecce
1234 848 1287 923 qui

234 962 248 1001 s
266 941 391 998 fuerant
406 940 530 1013 „incerti
544 958 603 1016 quq
617 940 682 998 fata
696 940 803 1013 ferant,
818 938 869 997 ubi
884 940 988 997 sistere
1002 937 1106 997 detur“
1120 957 1198 996 nune
1217 937 1287 996 deos

266 1027 366 1088 secuti
394 1032 424 1088 et
452 1030 624 1103 exponentis
651 1027 743 1087 verba
774 1029 1000 1105 navigationem
1030 1028 1087 1085 tali
1119 1027 1288 1085 adsertione

266 1119 450 1194 promissam
473 1117 572 1176 subire
595 1117 785 1194 cogebantur,
818 1118 970 1192 placemus
992 1120 1097 1176 ventos
1121 1119 1152 1174 et
1175 1113 1288 1173 Gnosia

266 1225 366 1284 regna
391 1210 540 1281 petamus:
572 1226 640 1281 non,
665 1209 735 1281 quia
759 1209 830 1264 tuno
854 1208 952 1281 asperi
974 1206 1102 1280 fixerant,
1125 1204 1202 1262 dixit
1224 1204 1288 1279 pla·

268 1314 381 1370 cemus,
395 1295 447 1354 sed
460 1298 496 1354 ut
513 1297 698 1373 navigaturis
717 1295 806 1354 flatus
825 1313 942 1370 semper
959 1295 1094 1370 placidos
1109 1293 1288 1352 exhiberent.

222 1410 251 1449 ιο
268 1384 428 1462 subiungit
451 1385 524 1460 quid
547 1384 693 1444 commodi
716 1404 752 1442 ex
775 1403 809 1443 eo
832 1383 1044 1443 sacrificiorum
1063 1383 1203 1458 obsequio
1221 1401 1288 1458 pro·

268 1474 374 1532 venire
406 1477 519 1549 posset:
555 1492 609 1532 nec
640 1474 730 1551 longo
763 1473 879 1533 distant
905 1492 1006 1532 cursu:
1039 1473 1126 1532 modo
1153 1472 1290 1548 Iuppiter

268 1562 366 1636 adsit,
393 1564 484 1622 tertia
511 1563 562 1620 lux
587 1563 713 1622 classem
737 1561 869 1622 Cretaeis
892 1562 979 1621 sistet
1001 1562 1033 1620 in
1056 1563 1129 1636 orio,
1157 1563 1184 1621 si
1211 1563 1290 1620 enim

269 1653 365 1710 fuerit
396 1651 534 1727 Iuppiter
565 1652 673 1710 fautor.
720 1651 872 1728 conplevit
909 1651 1010 1709 omnia
1047 1651 1155 1726 quibus
1188 1650 1291 1726 perfici

270 1742 408 1816 oportuit
435 1741 599 1799 suasoriam
627 1740 762 1800 addendo
790 1740 871 1816 quod
896 1740 1051 1817 navigatio
1074 1743 1141 1814 ipsa
1164 1739 1200 1798 de
1221 1758 1290 1814 pro-

223 1853 253 1895 11
270 1830 410 1888 ximitate
433 1848 493 1888 non
516 1829 619 1889 futura
641 1831 718 1890 esset
741 1829 853 1903 odiosa,
875 1831 986 1904 tumen,
1008 1830 1118 1903 inquit,
1137 1831 1163 1888 si
1181 1830 1292 1886 faverit

269 1918 417 1994 Iuppiter.
463 1921 656 1979 temerarium
683 1919 760 1978 enirn
789 1922 859 1994 post
884 1918 1020 1976 triduum
1047 1918 1182 1993 polliceri
1207 1920 1291 1976 cuius

270 2007 382 2065 incerti
405 2006 466 2066 sint
488 2007 590 2082 flatus,
613 2007 741 2083 ideoque
763 2010 865 2083 posuit
888 2007 1092 2066 condicionem
1114 2007 1292 2083 pendentem

271 2116 308 2154 ex
333 2095 413 2156 Iovis
437 2096 601 2171 voluntate,
625 2098 673 2155 cui
696 2097 791 2156 omnis
815 2098 950 2174 potestas
974 2098 1051 2155 esset
1074 2095 1165 2154 dandi
1186 2098 1291 2155 ventos

272 2189 328 2246 eut
365 2186 498 2245 nocendi.
547 2189 590 2247 sic
620 2189 702 2261 feius
733 2189 850 2245 meritos
885 2189 950 2245 oris
984 2187 1124 2245 mosterii
1157 2187 1292 2245 leuues:

227 2300 256 2340 ω
272 2276 397 2335 meritos
426 2275 502 2333 dixit
529 2276 731 2335 convenientis
759 2279 789 2335 et
816 2277 890 2335 dicit
918 2274 1025 2351 quibus
1048 2277 1144 2335 initiis
1167 2276 1292 2333 honores

273 2367 305 2423 et
335 2365 442 2439 quibus
470 2365 641 2424 numinibus
669 2366 730 2424 sint
757 2365 894 2424 exhibiti:
927 2369 1046 2423 taurum
1069 2365 1214 2437 Neptuno,
1238 2364 1292 2422 deo

273 2453 391 2513 scilicet
421 2456 513 2512 maris
540 2457 664 2529 propter
689 2453 876 2531 ingruentem
905 2453 1142 2531 navigationem,
1167 2457 1294 2526 ¹tarmen

272 2543 478 2615 estimabitur
500 2541 620 2617 Apelle,
647 2546 770 2618 propter
795 2545 932 2619 responsi
954 2542 1141 2616 beneficium,
1167 2544 1350 2615 ciprolemo

272 2632 378 2691 Hiemi
403 2633 558 2704 pecudem,
591 2635 626 2690 ut
658 2635 879 2707 conquiesceret
910 2651 964 2690 neo
991 2634 1123 2705 noceret,
1151 2631 1294 2704 Zepbpris

227 2744 256 2786 ss
272 2721 410 2795 feticibus
433 2722 541 2789 elbora,
565 2724 600 2779 ut
622 2721 711 2797 plena
734 2723 933 2798 prosperitate
957 2720 1101 2779 adessent.

352 2950 365 2997 1
386 2944 489 2998 ademit
507 2944 559 2996 LR
578 2944 620 2997 ed.
640 2949 706 2999 -erct
724 2961 782 2999 nos.
854 2950 868 2999 7
888 2946 984 3015 quota
1002 2944 1054 2997 LR
1073 2947 1168 3014 (supra
1186 2944 1294 3015 poesia)

273 3021 362 3086 ynete
381 3033 395 3067 r
412 3016 511 3085 poesia
529 3012 560 3069 r‘.
649 3020 665 3068 8
684 3016 753 3070 dicit
770 3016 814 3069 ed.
901 3021 917 3070 9
936 3017 1017 3083 flatos
1035 3017 1075 3082 (et
1093 3014 1178 3085 infra)
1198 3015 1258 3068 LR.

277 3094 311 3141 12
333 3087 405 3140 caim
423 3086 475 3139 LR
493 3087 572 3141 modo
591 3086 657 3140 edu.
714 3093 746 3141 13
765 3088 895 3156 Iuppiter
910 3089 992 3155 favor
1006 3087 1058 3140 LR
1075 3088 1151 3142 Iovis
1167 3088 1296 3153 fautorr

275 3159 295 3212 i.
307 3175 331 3211 e.
347 3156 392 3210 vel
405 3158 481 3212 Iouis
493 3159 575 3224 favor
590 3157 636 3211 vel
648 3159 776 3226 Iuppiter
793 3160 889 3225 fautor
906 3158 964 3229 legi
982 3157 1043 3211 vult
1056 3160 1139 3227 Iupp.
1155 3165 1237 3213 autor
1251 3158 1294 3211 ed.

335 3235 368 3282 14
387 3230 516 3283 suasoria
536 3229 578 3282 ed.
690 3235 722 3282 15
746 3231 771 3283 si
792 3230 894 3296 facerit
912 3230 964 3283 LR
986 3231 1044 3284 pisi
1061 3231 1081 3296 f.
1100 3229 1128 3283 r'
1149 3230 1235 3299 (male
1253 3229 1294 3281 di-

276 3301 445 3370 stinguens).
529 3305 561 3352 16
581 3302 654 3354 epira
671 3300 724 3353 LR
742 3308 801 3355 eret
820 3318 841 3355 e.
859 3318 874 3354 r
892 3307 931 3355 eat
948 3319 969 3355 e.
989 3301 1032 3355 cd.
1120 3306 1151 3355 11
1171 3302 1233 3355 ideo
1251 3316 1296 3353 ore

274 3370 411 3441 1103111111
432 3372 450 3425 i.
470 3372 592 3440 reposuit
609 3372 634 3424 R
652 3373 764 3440 ideoque
778 3389 838 3440 poa.
858 3390 873 3425 1·
890 3372 951 3426 ideo
965 3390 995 3440 p.
1016 3372 1058 3425 ed.
1147 3378 1180 3424 18
1199 3372 1294 3426 colap-

277 3450 362 3500 tctem
380 3443 409 3496 L.
433 3444 438 3512 Ι
467 3460 521 3497 esse
539 3443 564 3495 R
582 3449 649 3497 essct
666 3460 687 3497 r.
763 3450 795 3497 19
814 3446 928 3498 naritus
946 3443 998 3496 LR
1017 3460 1085 3497 corr.
1104 3460 1125 3496 r.
1152 3446 1155 3511 1
1184 3442 1296 3497 teporis

276 3515 339 3569 LR.
402 3519 437 3567 20
456 3515 551 3568 merito
569 3513 621 3567 LR
640 3530 708 3567 corr.
727 3531 749 3567 r.
767 3514 771 3585 1
792 3516 854 3583 qaia
871 3515 963 3569 initiis
979 3515 1091 3569 bonoria
1109 3514 1130 3566 L
1149 3514 1227 3580 item,
1247 3512 1296 3566 sed

276 3584 397 3657 1111111111]
419 3602 483 3639 cum
500 3584 606 3639 rasuris
625 3585 650 3637 R
673 3585 772 3654 quibus
794 3586 946 3640 1111111111
967 3601 1031 3652 nos,
1055 3584 1122 3653 quia
1140 3585 1211 3638 Dori,
1230 3601 1295 3637 nus·

276 3672 366 3726 quam
381 3658 443 3725 quia
456 3673 506 3725 pro
517 3658 616 3725 quitus
628 3655 724 3722 habet,
734 3656 772 3710 ad
781 3658 873 3712 initiis
887 3656 921 3711 cf.
931 3655 1117 3721 Catull.oa‚e;
1137 3672 1171 3708 an
1187 3655 1295 3710 bestiis?

334 3734 366 3781 21
388 3734 414 3782 et
431 3729 493 3795 quis
510 3727 669 3782 nominibus
686 3727 739 3781 LR
753 3744 821 3782 corr.
832 3745 854 3782 r.
875 3730 879 3797 Ι
902 3729 959 3783 siet
976 3728 1103 3782 astabitis
1121 3727 1173 3780 LR
1189 3728 1296 3780 temere

276 3800 374 3855 locum
392 3801 461 3854 mut.
476 3799 520 3853 ed.
537 3800 540 3871 1
557 3816 586 3854 eo
600 3798 652 3852 LR
671 3798 755 3853 debr
772 3800 821 3854 deo
840 3800 883 3852 ed.
915 3868 916 3871 Ἴ
942 3804 976 3853 24
993 3799 1038 3853 bic
1051 3798 1103 3851 LR
1120 3799 1202 3853 hiemi
1219 3816 1234 3851 r
1252 3796 1285 3851 ed
