3250 4350
348 416 421 511 164Δ
627 412 770 470 Duum
783 414 954 475 INTERPR.
972 413 1080 469 vum.

346 586 481 666 omnium
507 585 664 661 processit,
680 582 836 665 adsensus,
867 602 928 643 non
954 583 1023 643 ideo
1049 583 1129 659 quod
1157 582 1239 660 apud
1266 582 1360 643 omnis

346 672 501 733 habuisset
526 666 630 739 odium
657 666 766 749 Sinon,
796 671 849 732 sed
875 672 957 749 quod
982 673 1186 749 unusquisque
1216 674 1361 732 metueret

346 781 385 822 ne
406 763 438 821 in
461 755 611 839 designati
629 753 735 832 locum
747 760 930 821 subderetur.
966 761 1065 821 Ulixis
1083 764 1185 821 autem
1201 761 1361 820 factionem

346 852 439 921 fuisse
461 851 653 911 manifestam
670 842 858 927 apertissime
877 851 1091 926 conprobatum
1109 853 1156 910 est
1173 870 1209 909 ex
1227 869 1263 910 eo
1284 849 1363 925 quod

344 940 418 1001 haec
440 960 494 1017 per
515 933 761 1017 ipsumventura
778 938 869 998 multi
886 939 1097 1014 praedixerant
1115 943 1146 999 et
1164 937 1291 998 Calchas
1310 958 1361 1014 per
1382 957 1392 997 1

344 1029 490 1107 plmimos
513 1028 577 1088 dies
600 1027 716 1087 nullum
738 1027 835 1088 voluit
859 1027 1016 1106 designare
1033 1028 1244 1087 vmirctandum.
1289 1029 1361 1087 ium·

344 1114 400 1193 que
421 1119 484 1178 dice
505 1118 634 1191 infando
654 1118 766 1185 Meet,
785 1118 862 1175 mue
873 1134 961 1176 sucro
974 1119 1085 1190 parari
1104 1122 1130 1176 ct
1146 1118 1246 1177 sabae
1262 1118 1361 1191 friscus

345 1213 373 1267 et
393 1210 503 1268 mcum
524 1210 655 1281 tmepore
676 1207 778 1266 ottus:
800 1208 876 1281 iam⁷
890 1205 998 1282 inquit,
1017 1206 1080 1266 dies
1098 1205 1203 1265 aderat
1226 1208 1361 1266 execrata

345 1316 422 1373 quae
444 1297 521 1355 milri
540 1288 639 1355 lucem
661 1290 761 1354 fuerat
783 1298 936 1372 ereptura,
962 1313 1056 1371 usque
1079 1295 1154 1355 adeo
1176 1298 1213 1353 ut
1240 1297 1304 1354 iam
1331 1297 1361 1352 in

321 1444 326 1465 f
345 1406 392 1445 me
409 1385 571 1458 ¹ssacrouuur
587 1388 676 1467 ,meet
704 1384 1068 1467 conpleta-sollemnitas,
1098 1384 1179 1443 solus
1206 1387 1361 1460 supererat
1373 1402 1393 1442 o

324 1470 429 1543 'meae
447 1468 556 1537 salutis,
571 1473 720 1547 interitus,
734 1476 866 1540 ceterum
884 1476 914 1533 et
932 1474 1019 1533 vittis
1036 1492 1136 1531 meum
1154 1476 1247 1549 caput
1264 1473 1361 1532 fuerat

345 1561 454 1629 nexum
480 1566 512 1623 et
538 1552 683 1629 libamina
709 1566 818 1638 parata
843 1561 1017 1622 ferebantur
1043 1566 1133 1639 atque
1160 1563 1226 1638 ipse
1259 1561 1361 1621 edent

345 1652 479 1712 nefarius
497 1651 570 1711 dies.
607 1642 711 1724 captu,
727 1652 832 1725 fateor,
850 1652 905 1710 Icto
926 1669 972 1710 me
995 1656 1021 1710 et
1041 1651 1160 1710 oiawla
1181 1651 1267 1725 rupi:
1289 1652 1361 1727 fugi,

345 1740 454 1818 inquit,
475 1760 536 1805 non
557 1731 678 1816 culpam
701 1740 829 1817 alieuius
851 1739 983 1813 admissi,
1006 1739 1060 1800 sed
1080 1743 1116 1799 ut
1140 1738 1361 1799 crudelissimae

251 1896 254 1903 ,
345 1832 450 1890 mortis
472 1826 598 1889 exitium
619 1829 760 1889 moesus
783 1830 936 1902 evitarem,
958 1829 1033 1908 lugi
1054 1846 1092 1887 ne
1114 1827 1151 1887 de
1173 1830 1272 1888 morte
1295 1846 1358 1887 mea
1372 1846 1392 1886 u

346 1919 489 1997 gauderet
515 1919 669 1991 iuimicus,
700 1919 766 1996 fugi
792 1919 825 1978 et
850 1935 898 1976 me
924 1918 1037 1995 fugisse
1066 1917 1217 1978 confiteor.
1263 1919 1361 1994 potuit

263 2006 266 2013 ’
346 2008 406 2067 dici
428 2007 575 2085 quomodo
599 2009 726 2083 potuisti
743 2007 847 2084 fugere
866 2009 920 2083 qui
937 2007 1038 2066 fueras
1056 2004 1197 2066 vinctus?
1235 2006 1280 2066 ait
1298 2008 1360 2082 ipse

293 2106 345 2154 135
354 2099 424 2174 rupi
450 2091 572 2156 nucula
599 2098 689 2172 atque
716 2098 772 2154 ita·
787 2114 872 2154 meae
899 2096 992 2155 saluti
1013 2097 1161 2172 prospexi.
1207 2097 1362 2168 limosoque

346 2189 413 2246 locu
431 2205 487 2260 per
509 2191 618 2245 nouem
640 2187 780 2245 obscurus
801 2187 835 2243 iu
857 2185 928 2244 utro
945 2187 1060 2244 delitui:
1082 2185 1201 2263 singula
1220 2204 1282 2244 non
1301 2187 1361 2245 sine

327 2324 333 2355 Ι.
346 2278 462 2335 ratione
485 2278 598 2351 posuit:
630 2294 701 2334 nam
723 2277 825 2334 omnia
847 2274 976 2351 fugitivo
1004 2275 1164 2351 suffragari
1190 2277 1360 2350 potueruut,
1373 2292 1394 2331 11

345 2366 435 2424 limus
454 2370 484 2425 et
501 2366 592 2438 laone,
611 2383 670 2439 quo
689 2384 750 2424 nou
771 2364 860 2423 facile
883 2368 1005 2440 possent
1026 2366 1215 2438 insequentes
1239 2365 1360 2422 intrare.

345 2456 448 2530 posuit
476 2458 506 2513 et
533 2456 664 2527 noctem,
691 2459 808 2512 utnon
830 2456 949 2511 tautum
973 2470 991 2510 a
1013 2453 1078 2511 loco
1102 2470 1206 2510 verum
1228 2454 1323 2510 etiam
1344 2471 1361 2509 a

345 2548 479 2619 tempore
502 2542 622 2602 duceret
645 2546 854 2620 argumentum
872 2560 907 2599 ae
925 2542 1055 2600 tenebris
1074 2559 1192 2616 quoque
1211 2541 1362 2600 videretur

347 2634 474 2692 adiutus.
521 2633 662 2691 obscurus
689 2634 722 2689 iu
751 2632 824 2690 ulva
854 2629 973 2689 delitui:
1009 2630 1205 2688 timiditatem
1236 2630 1362 2688 nimiam

346 2723 412 2780 vult
444 2723 659 2794 demonstrare,
681 2724 738 2794 ut,
771 2738 839 2778 eum
870 2722 948 2778 esset
978 2721 1011 2776 in
1041 2737 1076 2777 eo
1103 2719 1169 2778 loeo
1198 2738 1259 2794 quo
1287 2720 1396 2777 nullis

347 2810 446 2868 editus
470 2810 568 2869 facilis
591 2812 757 2885 putaretur,
776 2807 927 2867 addiderit
945 2808 1006 2865 alia
1024 2806 1131 2883 quibus
1151 2827 1214 2867 esse
1232 2810 1363 2868 securior

346 2901 456 2975 posset.
502 2901 534 2956 in
558 2899 629 2957 ulva
652 2898 769 2957 delitui:
799 2897 902 2956 ulvam
924 2898 1058 2972 plerique
1083 2915 1149 2954 earn
1172 2897 1278 2955 dicunt
1301 2915 1361 2955 esse

347 3006 438 3063 quum
461 2989 552 3065 vulgo
575 2988 685 3046 budam
708 2987 876 3063 appellant:
899 3005 953 3045 uos
976 2985 1052 3042 nihil
1075 2985 1201 3044 dicimus
1219 2987 1361 3044 interesse

347 3080 450 3135 utrum
472 3078 539 3153 ipsa
562 3078 602 3135 sit
625 3097 664 3135 an
687 3077 810 3134 alterius
834 3078 950 3151 generis
970 3076 1090 3150 species,
1106 3072 1271 3134 dummodo
1290 3075 1361 3133 seia-

347 3184 412 3224 mus
439 3166 472 3223 in
499 3166 565 3224 loeo
594 3184 704 3241 aquoso
732 3183 792 3222 non
819 3164 948 3223 defuisse
975 3162 1054 3239 quod
1086 3164 1183 3221 celare
1213 3164 1396 3223 hominumue

347 3258 454 3330 posset.
486 3256 557 3313 dum
574 3256 640 3313 cela
658 3254 776 3313 dareut:
792 3253 910 3312 tamdiu
928 3253 1046 3311 futums
1064 3252 1097 3309 in
1116 3252 1243 3326 occulto,
1262 3272 1362 3328 quam·

348 3340 618 3420 annavigarent,
645 3347 680 3401 ut
707 3362 775 3402 suos
803 3344 899 3419 magis
927 3360 1018 3417 quum
1045 3341 1191 3400 Troianus
1221 3342 1360 3401 metuisse

391 3520 452 3567 ''11
473 3522 589 3569 ceterum
607 3513 660 3565 Lu
677 3519 745 3567 certe
764 3513 806 3566 ed.
882 3518 913 3564 12
934 3512 1022 3579 adque
1040 3509 1092 3562 LR
1115 3511 1153 3563 ad
1171 3528 1241 3579 puae
1260 3513 1302 3566 ed.
1321 3517 1359 3563 at-

348 3604 398 3654 quc
415 3603 475 3640 nos.
572 3591 605 3638 14
624 3586 733 3653 culpam
752 3584 773 3636 L
792 3583 905 3706 culpapp
922 3599 985 3635 cum
1003 3597 1102 3635 rasura
1121 3582 1146 3633 R
1164 3582 1248 3649 melpu
1267 3582 1310 3636 ed.
1390 3584 1395 3595 '

350 3662 383 3709 15
405 3658 438 3711 de
461 3674 514 3711 om.
534 3656 578 3709 ed.
670 3661 703 3708 17
727 3654 861 3724 quomodo
921 3654 1107 3721 ecquomodo
1126 3653 1188 3721 (sie)
1206 3652 1233 3705 lt
1252 3659 1361 3723 propter

348 3729 460 3782 viuculo
478 3745 523 3797 qu,
542 3745 563 3781 r.
650 3732 684 3780 25
703 3744 733 3781 eo
751 3728 809 3780 loco
828 3725 880 3778 LR
897 3726 946 3778 illo
964 3725 1007 3778 ed.
1095 3730 1129 3776 26
1144 3730 1295 3793 putaretur
1312 3723 1360 3777 Lu

362 3804 452 3853 uteru
468 3799 512 3853 ed.
529 3800 603 3869 post.
677 3803 711 3852 28
729 3797 867 3869 appellent
884 3796 928 3851 ed
