3250 4350
594 382 977 452 ffithamosL
1297 383 1342 448 39

303 555 390 619 :erat
407 554 534 628 ,propter
555 553 692 630 regiones
715 553 894 630 incognitas,
919 553 976 612 hoc
999 551 1283 632 dabatlongitudo
1295 571 1342 615 ss·

302 650 435 716 .:cessus;
464 647 544 717 aqua
565 660 641 703 vero.
660 644 691 700 et
712 643 841 718 eopiosa,
858 647 888 702 et
910 644 1029 717 optima
1049 646 1174 718 propter
1194 660 1265 702 usus
1285 641 1341 704 ,ho-

306 733 447 805 minum,
460 729 537 792 hunc
554 729 699 791 merebat
715 731 919 807 nympharum
936 731 1056 810 domus3
1078 735 1202 808 propter
1218 730 1341 810 ardores

311 824 424 880 autem
447 819 518 880 solia
541 821 708 881 naono-ie
725 820 853 880 fuerent
874 839 951 896 quse
973 819 1339 897 praeberenthommibue

270 909 537 983 ndefensionem,
559 908 777 970 ministrabant
798 910 891 968 istam
912 909 1050 970 naturale
1073 913 1194 969 antrum
1216 913 1246 970 et
1268 928 1341 985 opa-

319 1000 398 1058 citas
424 1017 592 1070 nemorum3
621 1000 805 1073 'tantumque
833 1000 953 1074 poterat
980 1000 1169 1074 oportimitas
1200 997 1276 1073 loci,
1305 1001 1340 1059 ut

316 1088 386 1146 illic
412 1105 503 1146 neves
530 1097 585 1147 nso
612 1087 792 1147 retinaculis·
810 1091 984 1147 tenerentur
1005 1106 1060 1146 neo
1083 1086 1264 1163 ponderibus
1284 1105 1341 1148 an-

316 1195 473 1237 corarum:
495 1175 607 1236 idcirco
626 1178 782 1251 praemisit
801 1175 909 1252 quibus
928 1178 1025 1236 omnis
1044 1175 1165 1237 abssalto
1179 1177 1341 1253 rstringitur

317 1259 398 1346 (non
420 1265 586 1340 loeus‚.'sed
609 1267 706 1326 omnis
728 1264 810 1327 unda
833 1264 871 1324 ab
895 1257 972 1346 alto)
999 1268 1092 1341 inque
1119 1268 1202 1325 sinus
1224 1265 1342 1343 'scindit

271 1377 301 1418 xo
317 1373 385 1415 sese
408 1353 663 1414 unda-reductori
684 1353 766 1415 unda
788 1356 886 1415 omnis
909 1353 947 1412 ab
971 1355 1033 1414 alto
1056 1355 1207 1432 frangitur
1230 1357 1260 1414 et
1275 1371 1339 1413 sese

317 1446 353 1503 in
376 1445 460 1503 sium
484 1443 592 1503 scindit
614 1443 873 1521 procurantehoc
895 1445 995 1518 ipsum
1018 1443 1177 1503 altitudine
1202 1444 1339 1504 laterum.

317 1533 358 1592 ab
388 1533 451 1592 alto
478 1532 511 1590 id
538 1536 583 1592 est
610 1533 648 1591 ab
676 1550 712 1591 es
738 1535 825 1608 perte
848 1552 908 1607 qua
931 1534 1105 1592 continuum
1128 1534 1226 1592 fuerat
1248 1551 1339 1593 mere.

317 1621 499 1682 admiranda
526 1640 600 1698 ergo
625 1621 758 1680 brevitas
785 1626 816 1681 et
843 1624 998 1682 continens
1030 1623 1132 1682 omnia
1163 1624 1339 1683 necessarie.

318 1710 402 1787 qnod
439 1707 544 1770 autem
580 1712 678 1770 omnis
713 1711 795 1770 locus
834 1713 886 1786 qui
921 1713 955 1770 in
991 1711 1221 1786 descriptionem
1256 1712 1340 1769 venit

272 1821 301 1862 ro
317 1803 465 1877 quattuor
482 1799 573 1858 habet
591 1802 697 1874 partis,
711 1799 877 1875 descriptae
896 1803 967 1858 sunt
985 1818 1101 1874 omnes3
1120 1810 1194 1859 num¹
1209 1800 1339 1859 ostendit

316 1891 420 1949 latera
436 1889 494 1947 dno
514 1888 614 1948 dicens
638 1888 756 1949 obiectu
776 1889 913 1964 laterum,
931 1891 1054 1948 tertium
1072 1893 1190 1964 partem
1208 1908 1226 1946 a
1243 1892 1339 1965 tergo,

316 1997 381 2055 qua
403 1979 463 2037 fuit
485 1979 650 2054 ingressus3
673 1976 781 2052 quibus
804 1980 902 2036 omnis
926 1977 963 2037 ab
987 1979 1049 2038 alto
1073 1979 1225 2055 frangitur
1245 1978 1339 2053 inque

316 2071 402 2128 sinus
426 2066 536 2126 scindit
559 2085 623 2126 sese
645 2067 726 2125 unde
749 2067 900 2142 reductoS‚
927 2067 998 2126 hinc
1025 2070 1116 2143 atque
1143 2066 1212 2126 hinc
1234 2069 1338 2127 vastae

317 2176 408 2233 rupes
432 2157 604 2234 geminique
626 2158 781 2216 monuo
802 2158 835 2215 in
857 2157 974 2215 caelum
996 2157 1120 2233 scopuli,
1139 2177 1266 2232 quorum
1283 2155 1338 2218 sub

276 2268 303 2306 so
318 2248 431 2306 vertice
454 2247 516 2306 late
539 2255 670 2321 aequora
692 2249 760 2303 tuta
777 2245 877 2320 silent,
894 2250 961 2304 tum
978 2247 1063 2306 silvis
1082 2264 1189 2305 scaena
1207 2248 1337 2306 coruscis

318 2336 446 2410 desuper
466 2335 661 2410 horrentique
684 2338 785 2393 atrum
807 2354 910 2396 nemus
933 2337 1061 2394 inminet
1087 2334 1205 2394 umbra:
1237 2337 1338 2394 onmia

319 2425 392 2483 haec
418 2424 516 2484 tribus
543 2423 687 2483 luteribus
715 2426 866 2498 aptantur.
913 2428 1053 2499 quartam
1079 2427 1195 2498 partem
1223 2442 1260 2482 ex
1287 2424 1339 2481 ad-

322 2533 405 2573 verso
433 2515 535 2588 posuit
561 2513 661 2573 dicens
689 2513 788 2572 fronte
816 2513 870 2573 sub
898 2512 1024 2591 adversa
1051 2512 1181 2587 scopulis
1209 2511 1339 2586 penden-

320 2602 400 2661 tibus
433 2606 568 2674 antrnm,
598 2604 681 2661 intus
714 2620 810 2677 equae
841 2601 941 2661 dulces
969 2603 1098 2677 vivoque
1125 2600 1231 2659 sedilia
1257 2618 1339 2674 saxo,

290 2709 313 2749 ss
323 2692 525 2768 nympharum
551 2692 665 2750 domus.
712 2692 903 2765 conpetentis
930 2690 1038 2749 sedilia
1064 2693 1095 2749 et
1122 2689 1187 2749 loco
1216 2692 1246 2748 et
1272 2709 1339 2764 per-

323 2783 401 2840 sonis
429 2782 461 2839 in
485 2780 686 2856 nympharum
709 2779 810 2853 domo,
838 2783 873 2838 ut
896 2779 1020 2839 dulcedo
1044 2798 1140 2854 aquae
1163 2782 1195 2838 et
1217 2779 1339 2839 sedendi

326 2872 510 2945 oportunitas
533 2871 703 2928 venientem
725 2867 859 2927 reficeret
881 2888 942 2928 non
964 2872 1084 2927 tentum
1106 2869 1206 2929 animo
1235 2887 1338 2928 verum

327 2961 413 3018 etiem
432 2977 563 3033 corpore.
600 2957 773 3035 intellegere
793 2957 1052 3016 eutemdebemus
1071 2948 1166 3037 (quod
1188 2959 1220 3015 in
1243 2960 1338 3017 omni·

328 3046 376 3106 bus
402 3048 537 3108 locorum
557 3046 815 3122 descriptionibus
844 3046 1011 3105 curandum
1038 3038 1097 3127 est)
1125 3046 1224 3105 locum
1246 3048 1339 3105 istum

300 3138 365 3195 asic
394 3141 516 3212 poetam
548 3135 737 3210 descripsisse
769 3139 805 3195 ut
835 3134 1060 3212 ingredientem
1115 3134 1194 3193 hunc
1225 3154 1339 3195 morem

331 3226 414 3284 etiem
428 3225 606 3286 Sallustium
623 3226 754 3285 tenuisse
773 3225 967 3284 manifestum
985 3228 1031 3284 est
1047 3223 1102 3281 ubi
1120 3224 1271 3284 dexteram
1289 3226 1338 3282 vel

331 3312 439 3373 laevam
457 3315 540 3388 dicit,
560 3334 577 3373 a
596 3318 679 3392 tergo
700 3317 731 3372 et
750 3334 768 3372 a
786 3315 895 3387 fronte,
913 3317 948 3371 ut
966 3332 997 3372 se
1020 3312 1103 3371 velut
1127 3313 1338 3371 consistentem

367 3460 368 3464 ‘
393 3490 408 3538 e
431 3458 504 3538 senc
526 3485 655 3550 offerebat
677 3483 699 3535 u
721 3484 771 3538 soc
793 3484 922 3549 offeram
943 3483 969 3536 a
990 3484 1063 3536 um
1086 3454 1217 3547 affuerat
1239 3481 1284 3534 eo.

332 3556 532 3610 coemuranae
554 3555 596 3609 ed.
689 3556 799 3609 elecem
818 3554 870 3607 th
888 3554 937 3608 cdl
959 3571 1017 3608 eon
1035 3554 1052 3607 l.
1072 3552 1167 3606 edi'.v
1230 3556 1263 3605 10
1281 3567 1338 3605 oon

332 3624 480 3681 mutabit
498 3626 542 3679 ed.
560 3627 682 3681 undae,
700 3642 759 3680 nos.
853 3623 1148 3695 recommonens.
1240 3629 1273 3676 ir
1292 3623 1339 3677 de-

331 3698 515 3766 scriptionibus
538 3698 580 3753 ed.
599 3706 600 3709 ’
673 3704 707 3751 15
724 3698 825 3753 tabeat
841 3696 895 3753 LR
913 3696 958 3753 ed.
977 3697 1059 3759 hebet
1075 3713 1143 3767 nos,-
1158 3712 1199 3751 an
1216 3712 1281 3750 oum
1297 3711 1354 3764 pro

331 3769 412 3829 quod?
478 3775 515 3819 32
531 3775 565 3821 ut
580 3784 631 3821 om.
652 3770 694 3823 ed,
1349 3810 1367 3820 ..
