3250 4350
707 421 890 478 sanamus
908 423 948 478 IlI
1273 421 1337 490 261

317 592 404 669 quod
427 591 538 652 idcirco
561 593 748 670 intellegitur
770 594 919 669 posuisse,
945 595 1016 670 quia
1039 593 1229 652 vehementer
1252 614 1340 672 ange·

317 682 414 740 batur
440 681 576 757 perditae
604 683 704 740 uxoris
731 682 815 741 luctu
839 702 929 758 quam
952 681 1110 743 constabat
1132 682 1224 742 fuisse
1247 683 1341 742 filiam

318 771 447 845 Priami,
471 790 556 848 quae,
579 790 647 829 cum
669 771 746 829 nihil
768 772 830 830 tale
855 771 890 830 de
913 773 1016 831 funere
1039 772 1274 848 commeruisset,
1303 773 1341 832 ab

321 859 491 918 adfectibus
518 862 581 919 eius
614 861 865 936 matrimonioque
897 861 1048 920 disiuncta
1075 862 1128 919 est.
1175 879 1242 919 cum
1269 881 1340 922 vero

286 967 301 1007 o
320 949 398 1007 dicit
420 951 519 1007 visum
542 950 672 1025 superis,
702 949 834 1008 ostendit
857 968 917 1007 non
939 950 1094 1009 bominum
1115 949 1177 1007 talc
1200 951 1342 1009 meritum

319 1038 416 1096 fuisse
444 1038 492 1097 vel
518 1040 617 1115 regni,
643 1040 679 1096 ut
706 1038 842 1097 funditus
868 1040 1016 1115 perirent,
1043 1037 1095 1098 sed
1121 1037 1341 1098 intolerabilem

321 1126 447 1185 deorum
465 1129 661 1186 intervenisse
678 1129 871 1203 pravitatem,
889 1128 1147 1188 ut'innocentium
1165 1145 1241 1202 spes,
1260 1128 1342 1187 salus

322 1219 355 1272 et
383 1217 505 1275 fortuna
537 1215 735 1276 conciderent.
781 1216 947 1293 ceciditque
979 1216 1139 1292 superbum
1165 1215 1269 1275 Ilium:
1306 1219 1341 1275 ut

320 1325 384 1364 non
412 1305 477 1364 leve
505 1305 656 1364 videretur
684 1306 768 1365 cuius
797 1305 919 1365 dolebat
942 1306 1112 1382 interitum,
1140 1305 1218 1364 dixit
1240 1325 1341 1380 super-

272 1411 303 1452 1⁰
320 1393 395 1451 bum
418 1393 508 1452 Ilium
530 1395 587 1453 hoc
610 1397 655 1453 cst
677 1413 829 1472 magnum.
867 1398 897 1454 et
920 1397 1016 1455 omnis
1038 1395 1128 1454 humo
1146 1394 1244 1453 fumat
1261 1395 1341 1471 Nep-

320 1484 411 1541 tunia
434 1483 538 1542 Troia:
562 1485 668 1558 omnis,
690 1485 798 1560 inquit,
817 1485 927 1560 fumat3
951 1484 1028 1544 esset
1047 1483 1125 1542 enim
1144 1484 1289 1545 solacium
1309 1484 1341 1541 111

319 1571 465 1646 adversis,
489 1573 516 1631 si
539 1573 653 1649 aliquid
677 1573 782 1632 saltem
807 1574 984 1632 semiustum
1003 1573 1052 1632 vel
1071 1573 1279 1631 semidirutum
1296 1591 1342 1631 re·
1369 1614 1372 1619 -

319 1661 490 1720 mansisset.
537 1661 616 1736 quod
649 1663 693 1720 ait
723 1662 815 1721 humo
846 1663 959 1736 fumat,
991 1663 1157 1737 expressius
1190 1661 1250 1722 dici
1281 1681 1342 1720 non

319 1751 423 1825 potuit
446 1752 547 1809 omnia
565 1751 658 1810 fuisse
677 1755 867 1827 consumpta3
891 1770 959 1810 cum
976 1753 1050 1826 ipsis
1070 1751 1150 1809 enim
1168 1769 1243 1826 quae
1263 1769 1341 1810 com-

273 1855 303 1897 11
319 1838 407 1896 burit
429 1838 533 1897 finitur
555 1839 725 1898 incendium
749 1843 779 1898 et
802 1840 956 1899 deficiente
979 1840 1108 1899 materia
1132 1841 1248 1897 fumum
1276 1840 1342 1899 sola

318 1947 478 1987 remanens
510 1930 592 1986 terra
623 1931 760 2004 respirat.
810 1930 926 1988 interea
958 1931 1118 2005 postquam
1155 1947 1214 1986 non
1251 1928 1342 1987 semel

320 2016 530 2090 accipiendum
553 2020 611 2092 est,
636 2019 772 2093 quemvis
796 2019 887 2077 semel
910 2019 1043 2094 positum
1064 2016 1215 2091 videatur,
1242 2020 1279 2076 ut
1301 2019 1342 2077 sit

318 2108 484 2183 postquam
506 2125 553 2164 res
572 2105 672 2182 Asiae,
695 2109 855 2184 postquam
877 2109 976 2166 visum
1000 2109 1045 2166 est
1068 2107 1183 2182 superis
1207 2109 1339 2166 evertere

320 2198 444 2273 gentem
475 2197 647 2255 inmeritam
679 2196 804 2271 Priami,
841 2200 1000 2273 postquam
1038 2195 1145 2257 cecidit
1182 2195 1342 2271 superbum

275 2301 305 2342 so
319 2284 426 2358 Ilium,
464 2288 623 2360 postquam
659 2288 755 2345 omnis
792 2286 883 2345 humo
920 2286 1018 2345 fumat
1053 2285 1206 2361 Neptunia
1242 2284 1341 2343 Troia.

318 2374 396 2432 baec
429 2376 500 2432 sunt
532 2375 676 2450 quattuor
707 2377 886 2451 praeterita,
918 2375 1072 2434 videamus
1104 2375 1207 2432 futura
1239 2377 1342 2431 utrum

320 2462 458 2537 aliquam
490 2481 573 2537 spem
603 2465 812 2539 prosperitatis
844 2464 954 2523 habere
985 2464 1147 2539 potuerint.
1198 2465 1342 2537 quattuor

319 2552 444 2609 fuerunt
472 2554 563 2610 etiam
589 2554 657 2627 ipsa
684 2555 714 2611 et
741 2552 924 2612 detestanda.
970 2552 1088 2611 diversa
1116 2551 1205 2609 exilia
1234 2552 1264 2608 et
1292 2550 1341 2609 de·

321 2644 420 2699 sertas
444 2659 585 2715 quaerere
608 2644 704 2700 terras
728 2642 861 2719 auguriis
880 2644 999 2719 agimur
1016 2642 1131 2699 divum:
1155 2658 1221 2698 ecce
1240 2659 1275 2697 ex
1293 2639 1340 2699 his

276 2747 304 2787 11
320 2729 382 2788 duo
406 2728 549 2805 pessima,
583 2730 788 2789 avellebantur
811 2731 921 2807 quippe
946 2750 964 2789 a
986 2729 1133 2789 cineribus
1156 2729 1274 2804 patriae
1297 2726 1341 2785 di-

321 2836 410 2878 versa
438 2818 529 2877 exilia
555 2822 585 2877 et
607 2823 756 2878 terrarum
779 2819 954 2879 solitudines
977 2820 1116 2895 petituri,
1147 2816 1239 2875 habet
1261 2818 1341 2876 enim

321 2906 469 2966 solacium
492 2908 543 2983 qui
566 2912 698 2986 urgetur,
722 2909 775 2984 qui
798 2909 837 2967 ad
860 2908 963 2984 optiva
985 2907 1034 2968 vel
1058 2907 1096 2966 ad
1120 2905 1243 2965 definita
1260 2906 1341 2964 mala

320 2996 512 3071 conpellitur.
559 2997 741 3073 classemque
770 2997 825 3056 sub
852 2997 919 3073 ipsa
945 2996 1102 3055 Antandro
1133 2998 1164 3054 et
1190 2995 1340 3073 Phrygiae

318 3084 465 3143 molimur
487 3084 645 3146 montibus¹
661 3086 732 3145 Idae
751 3088 860 3145 incerti
878 3105 936 3162 quo
954 3088 1019 3145 fata
1037 3086 1144 3158 ferant,
1162 3084 1214 3143 ubi
1236 3086 1341 3143 sistere

275 3192 303 3233 so
319 3174 423 3233 detur:
447 3174 522 3232 dixit
546 3176 606 3234 alia
630 3176 697 3250 duo,
720 3174 911 3251 parabamus,
933 3176 1041 3251 inquit,
1064 3174 1150 3233 navis
1168 3175 1263 3232 nescii
1281 3192 1340 3248 quo

317 3262 364 3322 irc
389 3262 562 3323 deberemus
585 3264 633 3323 vel
656 3265 688 3323 in
712 3264 819 3340 quibus
843 3264 916 3324 locis
939 3264 1117 3324 commorari
1145 3264 1339 3339 contingeret.

394 3456 410 3503 8
431 3450 463 3504 de
480 3450 643 3518 fenerabit
657 3451 699 3506 ed.
715 3452 869 3506 desumere?
932 3453 1003 3507 6111
1015 3451 1095 3521 repsi
1107 3448 1160 3503 LR
1174 3455 1302 3519 11119111
1316 3448 1340 3501 r'

317 3524 361 3577 111
380 3522 461 3592 requi
478 3528 510 3575 ut
528 3521 571 3575 ed.
645 3528 661 3575 8
680 3523 832 3577 concideret
850 3522 893 3576 ed.
964 3528 995 3575 11
1016 3539 1069 3577 esec
1087 3522 1185 3575 accim
1203 3519 1255 3573 LR
1273 3527 1340 3574 esset

318 3594 394 3648 enim
412 3610 428 3645 r
446 3591 489 3647 ed.
551 3598 583 3647 15
602 3595 732 3648 materiae
750 3593 802 3646 LR
820 3594 938 3648 materia
956 3594 998 3647 ed.
1018 3594 1148 3647 materie?
1164 3594 1168 3660 Ι
1189 3593 1276 3646 solum
1295 3591 1338 3646 ed.

375 3670 408 3717 21
430 3665 520 3717 11111111
538 3664 592 3718 LR
609 3671 702 3720 utrum
720 3664 781 3718 LII
794 3680 868 3718 man.
888 3682 909 3717 r.
994 3670 1029 3718 23
1047 3665 1130 3718 etiam
1149 3680 1202 3716 om.
1219 3662 1285 3716 edF.

319 3742 353 3791 25
374 3734 582 3791 adcellebontwr
600 3735 658 3790 LR.
676 3736 834 3803 1111111111
852 3736 905 3789 La
922 3736 1046 3790 terruistis
1064 3735 1107 3788 ed.
1181 3738 1215 3786 27
1235 3734 1284 3802 qui
1301 3733 1340 3787 od

317 3806 373 3860 LR
391 3805 438 3859 vel
455 3807 481 3861 si
498 3825 512 3859 r
530 3808 642 3876 quando
660 3809 699 3863 od
716 3807 759 3861 ed.
783 3809 788 3877 l
813 3809 908 3875 optivo
925 3807 947 3860 L
967 3807 1015 3860 edI
1033 3806 1157 3876 optativo
1174 3804 1200 3857 R
1218 3804 1285 3859 edl'.
