<?xml version="1.0" encoding="UTF-8"?>
<!DOCTYPE html PUBLIC "-//W3C//DTD XHTML 1.0 Transitional//EN"
    "http://www.w3.org/TR/xhtml1/DTD/xhtml1-transitional.dtd">
<html xmlns="http://www.w3.org/1999/xhtml" xml:lang="en" lang="en">
 <head>
  <title>
</title>
<meta http-equiv="Content-Type" content="text/html;charset=utf-8" />
  <meta name='ocr-system' content='tesseract 3.04.00' />
  <meta name='ocr-capabilities' content='ocr_page ocr_carea ocr_par ocr_line ocrx_word'/>
</head>
<body>
  <div class='ocr_page' id='page_1' title='image "./tibericlaudidon01georgoog_0627.png"; bbox 0 0 3250 4350; ppageno 0'>
   <div class='ocr_carea' id='block_1_1' title="bbox 701 394 1332 460">
    <p class='ocr_par' dir='ltr' id='par_1_1' title="bbox 701 394 1332 460">
     <span class='ocr_line' id='line_1_1' title="bbox 701 394 1332 460; baseline -0.002 -10"><span class='ocrx_word' id='word_1_1' title='bbox 701 396 883 450; x_wconf 81' lang='lat' dir='ltr'><strong>AENEIDOS</strong></span> <span class='ocrx_word' id='word_1_2' title='bbox 902 395 941 450; x_wconf 93' lang='lat' dir='ltr'>VI</span> <span class='ocrx_word' id='word_1_3' title='bbox 1267 394 1332 460; x_wconf 78' lang='grc'>571</span> 
     </span>
    </p>
   </div>
   <div class='ocr_carea' id='block_1_2' title="bbox 270 563 1385 3225">
    <p class='ocr_par' dir='ltr' id='par_1_2' title="bbox 270 563 1385 3225">
     <span class='ocr_line' id='line_1_2' title="bbox 311 563 1334 639; baseline -0.003 -14"><span class='ocrx_word' id='word_1_4' title='bbox 311 567 421 639; x_wconf 68' lang='lat' dir='ltr'>putee</span> <span class='ocrx_word' id='word_1_5' title='bbox 443 568 530 634; x_wconf 82' lang='lat' dir='ltr'>rates,</span> <span class='ocrx_word' id='word_1_6' title='bbox 552 583 630 639; x_wconf 80' lang='lat' dir='ltr'>pars</span> <span class='ocrx_word' id='word_1_7' title='bbox 652 566 750 625; x_wconf 79' lang='lat' dir='ltr'>tollere</span> <span class='ocrx_word' id='word_1_8' title='bbox 772 582 869 624; x_wconf 77' lang='lat' dir='ltr'>coeam</span> <span class='ocrx_word' id='word_1_9' title='bbox 891 567 1039 638; x_wconf 70' lang='lat' dir='ltr'>octonem,</span> <span class='ocrx_word' id='word_1_10' title='bbox 1066 567 1196 637; x_wconf 76' lang='lat' dir='ltr'>inceptus</span> <span class='ocrx_word' id='word_1_11' title='bbox 1224 563 1334 623; x_wconf 79' lang='lat' dir='ltr'>clamor</span> 
     </span>
     <span class='ocr_line' id='line_1_3' title="bbox 315 653 1333 732; baseline -0.003 -19"><span class='ocrx_word' id='word_1_12' title='bbox 315 656 480 728; x_wconf 71' lang='lat' dir='ltr'>frustratur</span> <span class='ocrx_word' id='word_1_13' title='bbox 504 655 628 714; x_wconf 80' lang='lat' dir='ltr'>tinctis:</span> <span class='ocrx_word' id='word_1_14' title='bbox 650 653 807 732; x_wconf 74' lang='lat' dir='ltr'><strong>fugiebant</strong></span> <span class='ocrx_word' id='word_1_15' title='bbox 831 655 909 714; x_wconf 84' lang='lat' dir='ltr'>aicut</span> <span class='ocrx_word' id='word_1_16' title='bbox 930 655 962 712; x_wconf 92' lang='lat' dir='ltr'>in</span> <span class='ocrx_word' id='word_1_17' title='bbox 986 654 1076 712; x_wconf 84' lang='lat' dir='ltr'>Troia</span> <span class='ocrx_word' id='word_1_18' title='bbox 1099 654 1243 727; x_wconf 86' lang='lat' dir='ltr'>fecerunt,</span> <span class='ocrx_word' id='word_1_19' title='bbox 1266 671 1333 711; x_wconf 90' lang='lat' dir='ltr'>cum</span> 
     </span>
     <span class='ocr_line' id='line_1_4' title="bbox 317 742 1334 819; baseline -0.003 -17"><span class='ocrx_word' id='word_1_20' title='bbox 317 744 356 802; x_wconf 86' lang='lat' dir='ltr'>ad</span> <span class='ocrx_word' id='word_1_21' title='bbox 378 745 464 803; x_wconf 84' lang='lat' dir='ltr'>navis</span> <span class='ocrx_word' id='word_1_22' title='bbox 493 745 700 802; x_wconf 71' lang='lat' dir='ltr'>concurrerent</span> <span class='ocrx_word' id='word_1_23' title='bbox 728 742 835 803; x_wconf 88' lang='lat' dir='ltr'>salutis</span> <span class='ocrx_word' id='word_1_24' title='bbox 866 743 1072 819; x_wconf 78' lang='lat' dir='ltr'>desperatione</span> <span class='ocrx_word' id='word_1_25' title='bbox 1100 742 1249 818; x_wconf 89' lang='lat' dir='ltr'>conpulsi,</span> <span class='ocrx_word' id='word_1_26' title='bbox 1280 742 1334 800; x_wconf 89' lang='lat' dir='ltr'>alii</span> 
     </span>
     <span class='ocr_line' id='line_1_5' title="bbox 315 830 1334 906; baseline -0.002 -14"><span class='ocrx_word' id='word_1_27' title='bbox 315 852 386 892; x_wconf 89' lang='lat' dir='ltr'>vero</span> <span class='ocrx_word' id='word_1_28' title='bbox 409 831 550 892; x_wconf 88' lang='lat' dir='ltr'>volebant</span> <span class='ocrx_word' id='word_1_29' title='bbox 573 833 733 891; x_wconf 88' lang='lat' dir='ltr'>clamorem</span> <span class='ocrx_word' id='word_1_30' title='bbox 755 831 875 906; x_wconf 86' lang='lat' dir='ltr'>tollere,</span> <span class='ocrx_word' id='word_1_31' title='bbox 906 851 973 891; x_wconf 90' lang='lat' dir='ltr'>cum</span> <span class='ocrx_word' id='word_1_32' title='bbox 1000 850 1060 890; x_wconf 92' lang='lat' dir='ltr'>non</span> <span class='ocrx_word' id='word_1_33' title='bbox 1084 834 1160 892; x_wconf 86' lang='lat' dir='ltr'>esset</span> <span class='ocrx_word' id='word_1_34' title='bbox 1183 830 1334 890; x_wconf 87' lang='lat' dir='ltr'>clamandi</span> 
     </span>
     <span class='ocr_line' id='line_1_6' title="bbox 288 919 1332 997; baseline -0.004 -16"><span class='ocrx_word' id='word_1_35' title='bbox 288 921 496 996; x_wconf 81' lang='lat' dir='ltr'>asubstantia,</span> <span class='ocrx_word' id='word_1_36' title='bbox 519 921 646 997; x_wconf 87' lang='lat' dir='ltr'>denique</span> <span class='ocrx_word' id='word_1_37' title='bbox 668 923 700 979; x_wconf 92' lang='lat' dir='ltr'>in</span> <span class='ocrx_word' id='word_1_38' title='bbox 723 923 788 997; x_wconf 90' lang='lat' dir='ltr'>ipso</span> <span class='ocrx_word' id='word_1_39' title='bbox 812 921 922 981; x_wconf 87' lang='lat' dir='ltr'>conatu</span> <span class='ocrx_word' id='word_1_40' title='bbox 946 919 1122 980; x_wconf 87' lang='lat' dir='ltr'>deficiebant</span> <span class='ocrx_word' id='word_1_41' title='bbox 1146 921 1250 979; x_wconf 87' lang='lat' dir='ltr'>dantes</span> <span class='ocrx_word' id='word_1_42' title='bbox 1273 939 1332 979; x_wconf 91' lang='lat' dir='ltr'>non</span> 
     </span>
     <span class='ocr_line' id='line_1_7' title="bbox 314 1008 1333 1088; baseline -0.003 -18"><span class='ocrx_word' id='word_1_43' title='bbox 314 1029 432 1085; x_wconf 82' lang='lat' dir='ltr'>vocem,</span> <span class='ocrx_word' id='word_1_44' title='bbox 464 1010 515 1070; x_wconf 91' lang='lat' dir='ltr'>sed</span> <span class='ocrx_word' id='word_1_45' title='bbox 543 1011 684 1088; x_wconf 85' lang='lat' dir='ltr'>exiguum</span> <span class='ocrx_word' id='word_1_46' title='bbox 708 1029 822 1070; x_wconf 87' lang='lat' dir='ltr'>sonum.</span> <span class='ocrx_word' id='word_1_47' title='bbox 877 1009 1037 1086; x_wconf 79' lang='lat' dir='ltr'>descriptio</span> <span class='ocrx_word' id='word_1_48' title='bbox 1062 1008 1242 1070; x_wconf 82' lang='lat' dir='ltr'>Graecorum</span> <span class='ocrx_word' id='word_1_49' title='bbox 1273 1028 1333 1068; x_wconf 91' lang='lat' dir='ltr'>non</span> 
     </span>
     <span class='ocr_line' id='line_1_8' title="bbox 314 1099 1334 1175; baseline -0.001 -18"><span class='ocrx_word' id='word_1_50' title='bbox 314 1101 446 1160; x_wconf 88' lang='lat' dir='ltr'>inaniter</span> <span class='ocrx_word' id='word_1_51' title='bbox 472 1100 572 1175; x_wconf 88' lang='lat' dir='ltr'>posita</span> <span class='ocrx_word' id='word_1_52' title='bbox 600 1102 658 1175; x_wconf 81' lang='lat' dir='ltr'>est,</span> <span class='ocrx_word' id='word_1_53' title='bbox 685 1101 782 1175; x_wconf 89' lang='lat' dir='ltr'>primo</span> <span class='ocrx_word' id='word_1_54' title='bbox 813 1100 947 1158; x_wconf 87' lang='lat' dir='ltr'>omnium</span> <span class='ocrx_word' id='word_1_55' title='bbox 969 1102 1004 1157; x_wconf 90' lang='lat' dir='ltr'>ut</span> <span class='ocrx_word' id='word_1_56' title='bbox 1031 1099 1237 1159; x_wconf 81' lang='lat' dir='ltr'>ostenderetur</span> <span class='ocrx_word' id='word_1_57' title='bbox 1260 1101 1334 1174; x_wconf 90' lang='lat' dir='ltr'>quot</span> 
     </span>
     <span class='ocr_line' id='line_1_9' title="bbox 314 1187 1333 1265; baseline -0.001 -18"><span class='ocrx_word' id='word_1_58' title='bbox 314 1188 401 1247; x_wconf 87' lang='lat' dir='ltr'>milia</span> <span class='ocrx_word' id='word_1_59' title='bbox 430 1187 522 1246; x_wconf 89' lang='lat' dir='ltr'>etiam</span> <span class='ocrx_word' id='word_1_60' title='bbox 552 1207 588 1247; x_wconf 85' lang='lat' dir='ltr'>ex</span> <span class='ocrx_word' id='word_1_61' title='bbox 616 1188 690 1265; x_wconf 89' lang='lat' dir='ltr'>ipsis</span> <span class='ocrx_word' id='word_1_62' title='bbox 720 1187 862 1248; x_wconf 86' lang='lat' dir='ltr'>cecidisse</span> <span class='ocrx_word' id='word_1_63' title='bbox 888 1187 1073 1263; x_wconf 80' lang='lat' dir='ltr'>viderentur,</span> <span class='ocrx_word' id='word_1_64' title='bbox 1105 1188 1190 1247; x_wconf 89' lang='lat' dir='ltr'>nulla</span> <span class='ocrx_word' id='word_1_65' title='bbox 1223 1188 1333 1264; x_wconf 89' lang='lat' dir='ltr'>quippe</span> 
     </span>
     <span class='ocr_line' id='line_1_10' title="bbox 315 1275 1333 1353; baseline -0.001 -17"><span class='ocrx_word' id='word_1_66' title='bbox 315 1278 443 1336; x_wconf 87' lang='lat' dir='ltr'>victoria</span> <span class='ocrx_word' id='word_1_67' title='bbox 471 1279 517 1336; x_wconf 90' lang='lat' dir='ltr'>est</span> <span class='ocrx_word' id='word_1_68' title='bbox 541 1279 606 1336; x_wconf 86' lang='lat' dir='ltr'>sine</span> <span class='ocrx_word' id='word_1_69' title='bbox 636 1277 809 1337; x_wconf 71' lang='lat' dir='ltr'>calamitate</span> <span class='ocrx_word' id='word_1_70' title='bbox 842 1279 978 1352; x_wconf 79' lang='lat' dir='ltr'>victoris3</span> <span class='ocrx_word' id='word_1_71' title='bbox 1008 1277 1135 1353; x_wconf 92' lang='lat' dir='ltr'>denique</span> <span class='ocrx_word' id='word_1_72' title='bbox 1168 1275 1333 1353; x_wconf 88' lang='lat' dir='ltr'>apparebat</span> 
     </span>
     <span class='ocr_line' id='line_1_11' title="bbox 273 1366 1333 1452; baseline -0.002 -26"><span class='ocrx_word' id='word_1_73' title='bbox 273 1367 460 1427; x_wconf 83' lang='lat' dir='ltr'>remansisse</span> <span class='ocrx_word' id='word_1_74' title='bbox 483 1385 550 1426; x_wconf 90' lang='lat' dir='ltr'>cum</span> <span class='ocrx_word' id='word_1_75' title='bbox 571 1366 646 1443; x_wconf 90' lang='lat' dir='ltr'>ipsis</span> <span class='ocrx_word' id='word_1_76' title='bbox 664 1369 776 1426; x_wconf 92' lang='lat' dir='ltr'>metum</span> <span class='ocrx_word' id='word_1_77' title='bbox 800 1387 890 1452; x_wconf 81' lang='lat' dir='ltr'>quem</span> <span class='ocrx_word' id='word_1_78' title='bbox 913 1366 993 1442; x_wconf 92' lang='lat' dir='ltr'>apud</span> <span class='ocrx_word' id='word_1_79' title='bbox 1015 1385 1138 1444; x_wconf 88' lang='lat' dir='ltr'>superos</span> <span class='ocrx_word' id='word_1_80' title='bbox 1165 1366 1333 1424; x_wconf 90' lang='lat' dir='ltr'>habuerunt</span> 
     </span>
     <span class='ocr_line' id='line_1_12' title="bbox 315 1455 1332 1533; baseline -0.001 -19"><span class='ocrx_word' id='word_1_81' title='bbox 315 1474 385 1515; x_wconf 90' lang='lat' dir='ltr'>cum</span> <span class='ocrx_word' id='word_1_82' title='bbox 405 1458 626 1533; x_wconf 83' lang='lat' dir='ltr'>expugnaretur</span> <span class='ocrx_word' id='word_1_83' title='bbox 639 1455 737 1515; x_wconf 80' lang='lat' dir='ltr'>Troia.</span> <span class='ocrx_word' id='word_1_84' title='bbox 774 1456 951 1515; x_wconf 87' lang='lat' dir='ltr'>meminerat</span> <span class='ocrx_word' id='word_1_85' title='bbox 969 1457 1049 1514; x_wconf 88' lang='lat' dir='ltr'>enim</span> <span class='ocrx_word' id='word_1_86' title='bbox 1066 1459 1157 1532; x_wconf 88' lang='lat' dir='ltr'>poeta</span> <span class='ocrx_word' id='word_1_87' title='bbox 1174 1473 1205 1514; x_wconf 89' lang='lat' dir='ltr'>se</span> <span class='ocrx_word' id='word_1_88' title='bbox 1224 1455 1332 1514; x_wconf 87' lang='lat' dir='ltr'>dixisse</span> 
     </span>
     <span class='ocr_line' id='line_1_13' title="bbox 315 1536 1332 1626; baseline -0.001 -23"><span class='ocrx_word' id='word_1_89' title='bbox 315 1538 363 1626; x_wconf 80' lang='lat'>(2,</span> <span class='ocrx_word' id='word_1_90' title='bbox 382 1536 461 1625; x_wconf 83' lang='lat'>399)</span> <span class='ocrx_word' id='word_1_91' title='bbox 486 1545 665 1623; x_wconf 84' lang='lat' dir='ltr'>„diffugiunt</span> <span class='ocrx_word' id='word_1_92' title='bbox 688 1546 741 1603; x_wconf 90' lang='lat' dir='ltr'>alii</span> <span class='ocrx_word' id='word_1_93' title='bbox 765 1545 804 1604; x_wconf 89' lang='lat' dir='ltr'>ad</span> <span class='ocrx_word' id='word_1_94' title='bbox 826 1546 913 1603; x_wconf 84' lang='lat' dir='ltr'>navis</span> <span class='ocrx_word' id='word_1_95' title='bbox 935 1546 966 1603; x_wconf 88' lang='lat' dir='ltr'>et</span> <span class='ocrx_word' id='word_1_96' title='bbox 987 1544 1079 1603; x_wconf 88' lang='lat' dir='ltr'>litora</span> <span class='ocrx_word' id='word_1_97' title='bbox 1098 1563 1186 1603; x_wconf 86' lang='lat' dir='ltr'>cursu</span> <span class='ocrx_word' id='word_1_98' title='bbox 1204 1543 1263 1602; x_wconf 88' lang='lat' dir='ltr'>fida</span> <span class='ocrx_word' id='word_1_99' title='bbox 1281 1563 1332 1619; x_wconf 93' lang='lat' dir='ltr'>pe·</span> 
     </span>
     <span class='ocr_line' id='line_1_14' title="bbox 313 1632 1333 1711; baseline -0.002 -19"><span class='ocrx_word' id='word_1_100' title='bbox 313 1636 394 1710; x_wconf 85' lang='lat' dir='ltr'>tunt,</span> <span class='ocrx_word' id='word_1_101' title='bbox 412 1652 482 1709; x_wconf 87' lang='lat' dir='ltr'>pars</span> <span class='ocrx_word' id='word_1_102' title='bbox 496 1635 648 1711; x_wconf 87' lang='lat' dir='ltr'>ingentem</span> <span class='ocrx_word' id='word_1_103' title='bbox 662 1633 823 1693; x_wconf 88' lang='lat' dir='ltr'>formidine</span> <span class='ocrx_word' id='word_1_104' title='bbox 836 1635 920 1709; x_wconf 86' lang='lat' dir='ltr'>turpi</span> <span class='ocrx_word' id='word_1_105' title='bbox 938 1632 1085 1692; x_wconf 89' lang='lat' dir='ltr'>scandunt</span> <span class='ocrx_word' id='word_1_106' title='bbox 1103 1639 1204 1692; x_wconf 84' lang='lat' dir='ltr'>rursus</span> <span class='ocrx_word' id='word_1_107' title='bbox 1223 1652 1333 1709; x_wconf 92' lang='lat' dir='ltr'>equum</span> 
     </span>
     <span class='ocr_line' id='line_1_15' title="bbox 314 1721 1333 1799; baseline -0.001 -17"><span class='ocrx_word' id='word_1_108' title='bbox 314 1727 346 1782; x_wconf 89' lang='lat' dir='ltr'>et</span> <span class='ocrx_word' id='word_1_109' title='bbox 370 1725 442 1781; x_wconf 89' lang='lat' dir='ltr'>nota</span> <span class='ocrx_word' id='word_1_110' title='bbox 465 1723 632 1782; x_wconf 85' lang='lat' dir='ltr'>conduntur</span> <span class='ocrx_word' id='word_1_111' title='bbox 653 1724 686 1780; x_wconf 92' lang='lat' dir='ltr'>in</span> <span class='ocrx_word' id='word_1_112' title='bbox 709 1721 805 1782; x_wconf 82' lang='lat' dir='ltr'>alvo“.</span> <span class='ocrx_word' id='word_1_113' title='bbox 851 1722 960 1797; x_wconf 89' lang='lat' dir='ltr'>ubique</span> <span class='ocrx_word' id='word_1_114' title='bbox 982 1721 1083 1780; x_wconf 82' lang='lat' dir='ltr'>firmat</span> <span class='ocrx_word' id='word_1_115' title='bbox 1101 1722 1253 1799; x_wconf 79' lang='lat' dir='ltr'>Vergilius</span> <span class='ocrx_word' id='word_1_116' title='bbox 1275 1721 1333 1781; x_wconf 88' lang='lat' dir='ltr'>diis</span> 
     </span>
     <span class='ocr_line' id='line_1_16' title="bbox 270 1809 1332 1887; baseline -0.002 -15"><span class='ocrx_word' id='word_1_117' title='bbox 270 1830 298 1872; x_wconf 79' lang='lat' dir='ltr'>ro</span> <span class='ocrx_word' id='word_1_118' title='bbox 315 1810 553 1885; x_wconf 84' lang='lat' dir='ltr'>adversantibus,</span> <span class='ocrx_word' id='word_1_119' title='bbox 576 1830 636 1870; x_wconf 91' lang='lat' dir='ltr'>non</span> <span class='ocrx_word' id='word_1_120' title='bbox 658 1813 770 1870; x_wconf 78' lang='lat' dir='ltr'>virtute</span> <span class='ocrx_word' id='word_1_121' title='bbox 790 1809 972 1870; x_wconf 83' lang='lat' dir='ltr'>Graecorum</span> <span class='ocrx_word' id='word_1_122' title='bbox 995 1814 1167 1887; x_wconf 86' lang='lat' dir='ltr'>superatum</span> <span class='ocrx_word' id='word_1_123' title='bbox 1192 1829 1254 1871; x_wconf 89' lang='lat' dir='ltr'>esse</span> <span class='ocrx_word' id='word_1_124' title='bbox 1277 1812 1332 1870; x_wconf 91' lang='lat' dir='ltr'>im-</span> 
     </span>
     <span class='ocr_line' id='line_1_17' title="bbox 312 1898 1332 1978; baseline 0 -18"><span class='ocrx_word' id='word_1_125' title='bbox 312 1902 431 1978; x_wconf 88' lang='lat' dir='ltr'>perium</span> <span class='ocrx_word' id='word_1_126' title='bbox 455 1900 571 1974; x_wconf 80' lang='lat' dir='ltr'>Troiae,</span> <span class='ocrx_word' id='word_1_127' title='bbox 595 1900 722 1977; x_wconf 91' lang='lat' dir='ltr'>denique</span> <span class='ocrx_word' id='word_1_128' title='bbox 745 1903 775 1960; x_wconf 90' lang='lat' dir='ltr'>et</span> <span class='ocrx_word' id='word_1_129' title='bbox 797 1901 846 1958; x_wconf 90' lang='lat' dir='ltr'>hic</span> <span class='ocrx_word' id='word_1_130' title='bbox 868 1898 990 1958; x_wconf 89' lang='lat' dir='ltr'>timidos</span> <span class='ocrx_word' id='word_1_131' title='bbox 1014 1902 1044 1957; x_wconf 89' lang='lat' dir='ltr'>et</span> <span class='ocrx_word' id='word_1_132' title='bbox 1067 1900 1182 1978; x_wconf 82' lang='lat' dir='ltr'>firgacis</span> <span class='ocrx_word' id='word_1_133' title='bbox 1206 1898 1332 1960; x_wconf 82' lang='lat' dir='ltr'>Graecos</span> 
     </span>
     <span class='ocr_line' id='line_1_18' title="bbox 314 1989 1332 2068; baseline -0.002 -19"><span class='ocrx_word' id='word_1_134' title='bbox 314 1990 465 2068; x_wconf 82' lang='lat' dir='ltr'>adsignat,</span> <span class='ocrx_word' id='word_1_135' title='bbox 490 1989 597 2066; x_wconf 92' lang='lat' dir='ltr'>quibus</span> <span class='ocrx_word' id='word_1_136' title='bbox 621 2008 714 2066; x_wconf 90' lang='lat' dir='ltr'>usque</span> <span class='ocrx_word' id='word_1_137' title='bbox 738 1989 811 2048; x_wconf 90' lang='lat' dir='ltr'>adeo</span> <span class='ocrx_word' id='word_1_138' title='bbox 835 1991 932 2048; x_wconf 89' lang='lat' dir='ltr'>metus</span> <span class='ocrx_word' id='word_1_139' title='bbox 956 1990 1070 2048; x_wconf 90' lang='lat' dir='ltr'>statum</span> <span class='ocrx_word' id='word_1_140' title='bbox 1092 1990 1201 2047; x_wconf 85' lang='lat' dir='ltr'>mentis</span> <span class='ocrx_word' id='word_1_141' title='bbox 1219 1991 1332 2065; x_wconf 91' lang='lat' dir='ltr'>praeri-</span> 
     </span>
     <span class='ocr_line' id='line_1_19' title="bbox 312 2077 1333 2156; baseline -0.001 -19"><span class='ocrx_word' id='word_1_142' title='bbox 312 2081 432 2156; x_wconf 71' lang='lat' dir='ltr'>puerat</span> <span class='ocrx_word' id='word_1_143' title='bbox 456 2081 490 2137; x_wconf 91' lang='lat' dir='ltr'>ut</span> <span class='ocrx_word' id='word_1_144' title='bbox 513 2079 666 2138; x_wconf 86' lang='lat' dir='ltr'>crederent</span> <span class='ocrx_word' id='word_1_145' title='bbox 678 2079 801 2138; x_wconf 87' lang='lat' dir='ltr'>Aenean</span> <span class='ocrx_word' id='word_1_146' title='bbox 824 2077 935 2137; x_wconf 89' lang='lat' dir='ltr'>idcirco</span> <span class='ocrx_word' id='word_1_147' title='bbox 955 2077 1036 2153; x_wconf 85' lang='lat' dir='ltr'>apud</span> <span class='ocrx_word' id='word_1_148' title='bbox 1054 2078 1164 2136; x_wconf 85' lang='lat' dir='ltr'>inferos</span> <span class='ocrx_word' id='word_1_149' title='bbox 1184 2081 1333 2136; x_wconf 89' lang='lat' dir='ltr'>armatum</span> 
     </span>
     <span class='ocr_line' id='line_1_20' title="bbox 313 2166 1333 2246; baseline -0.001 -18"><span class='ocrx_word' id='word_1_150' title='bbox 313 2168 464 2244; x_wconf 87' lang='lat' dir='ltr'>incedere,</span> <span class='ocrx_word' id='word_1_151' title='bbox 491 2172 527 2227; x_wconf 90' lang='lat' dir='ltr'>ut</span> <span class='ocrx_word' id='word_1_152' title='bbox 549 2166 677 2228; x_wconf 82' lang='lat' dir='ltr'>Graecos</span> <span class='ocrx_word' id='word_1_153' title='bbox 701 2169 794 2229; x_wconf 88' lang='lat' dir='ltr'>etiam</span> <span class='ocrx_word' id='word_1_154' title='bbox 817 2169 950 2228; x_wconf 87' lang='lat' dir='ltr'>mortuos</span> <span class='ocrx_word' id='word_1_155' title='bbox 977 2168 1192 2243; x_wconf 89' lang='lat' dir='ltr'>insequeretur.</span> <span class='ocrx_word' id='word_1_156' title='bbox 1237 2166 1333 2246; x_wconf 85' lang='lat' dir='ltr'>fugie-</span> 
     </span>
     <span class='ocr_line' id='line_1_21' title="bbox 270 2256 1333 2340; baseline -0.006 -19"><span class='ocrx_word' id='word_1_157' title='bbox 270 2278 298 2321; x_wconf 82' lang='grc' dir='ltr'>ιο</span> <span class='ocrx_word' id='word_1_158' title='bbox 314 2259 399 2331; x_wconf 74' lang='lat' dir='ltr'>bant,</span> <span class='ocrx_word' id='word_1_159' title='bbox 422 2258 534 2334; x_wconf 86' lang='lat' dir='ltr'>inquit,</span> <span class='ocrx_word' id='word_1_160' title='bbox 557 2257 701 2340; x_wconf 54' lang='lat' dir='ltr'>aliialii</span> <span class='ocrx_word' id='word_1_161' title='bbox 723 2257 885 2317; x_wconf 87' lang='lat' dir='ltr'>mittebant</span> <span class='ocrx_word' id='word_1_162' title='bbox 908 2258 1046 2336; x_wconf 78' lang='lat' dir='ltr'>exiguam</span> <span class='ocrx_word' id='word_1_163' title='bbox 1069 2274 1173 2316; x_wconf 87' lang='lat' dir='ltr'>vocem</span> <span class='ocrx_word' id='word_1_164' title='bbox 1195 2259 1238 2329; x_wconf 83' lang='lat' dir='ltr'>et,</span> <span class='ocrx_word' id='word_1_165' title='bbox 1266 2256 1333 2315; x_wconf 82' lang='lat' dir='ltr'>&#39;cum</span> 
     </span>
     <span class='ocr_line' id='line_1_22' title="bbox 313 2340 1331 2423; baseline -0.003 -17"><span class='ocrx_word' id='word_1_166' title='bbox 313 2347 428 2407; x_wconf 89' lang='lat' dir='ltr'>vellent</span> <span class='ocrx_word' id='word_1_167' title='bbox 451 2347 569 2423; x_wconf 84' lang='lat' dir='ltr'>aliquid</span> <span class='ocrx_word' id='word_1_168' title='bbox 591 2347 701 2421; x_wconf 90' lang='lat' dir='ltr'>dicere,</span> <span class='ocrx_word' id='word_1_169' title='bbox 730 2348 763 2405; x_wconf 92' lang='lat' dir='ltr'>in</span> <span class='ocrx_word' id='word_1_170' title='bbox 791 2347 856 2423; x_wconf 86' lang='lat' dir='ltr'>ipso</span> <span class='ocrx_word' id='word_1_171' title='bbox 880 2340 961 2405; x_wconf 88' lang='lat' dir='ltr'>vocis</span> <span class='ocrx_word' id='word_1_172' title='bbox 989 2346 1109 2405; x_wconf 88' lang='lat' dir='ltr'>defectu</span> <span class='ocrx_word' id='word_1_173' title='bbox 1134 2347 1253 2421; x_wconf 89' lang='lat' dir='ltr'>patenti</span> <span class='ocrx_word' id='word_1_174' title='bbox 1282 2364 1331 2405; x_wconf 90' lang='lat' dir='ltr'>ore</span> 
     </span>
     <span class='ocr_line' id='line_1_23' title="bbox 313 2434 1332 2514; baseline 0 -20"><span class='ocrx_word' id='word_1_175' title='bbox 313 2436 510 2495; x_wconf 84' lang='lat' dir='ltr'>remanebant</span> <span class='ocrx_word' id='word_1_176' title='bbox 541 2454 601 2494; x_wconf 89' lang='lat' dir='ltr'>non</span> <span class='ocrx_word' id='word_1_177' title='bbox 633 2440 774 2512; x_wconf 88' lang='lat' dir='ltr'>sequente</span> <span class='ocrx_word' id='word_1_178' title='bbox 806 2436 887 2495; x_wconf 82' lang='lat' dir='ltr'>vocis</span> <span class='ocrx_word' id='word_1_179' title='bbox 919 2434 1027 2494; x_wconf 88' lang='lat' dir='ltr'>officio.</span> <span class='ocrx_word' id='word_1_180' title='bbox 1084 2434 1229 2494; x_wconf 85' lang='lat' dir='ltr'>Troianos</span> <span class='ocrx_word' id='word_1_181' title='bbox 1261 2452 1332 2514; x_wconf 85' lang='lat' dir='ltr'>ergo</span> 
     </span>
     <span class='ocr_line' id='line_1_24' title="bbox 314 2522 1332 2600; baseline 0 -17"><span class='ocrx_word' id='word_1_182' title='bbox 314 2524 453 2585; x_wconf 88' lang='lat' dir='ltr'>laudavit</span> <span class='ocrx_word' id='word_1_183' title='bbox 476 2528 507 2583; x_wconf 90' lang='lat' dir='ltr'>et</span> <span class='ocrx_word' id='word_1_184' title='bbox 530 2524 660 2585; x_wconf 88' lang='lat' dir='ltr'>ostendit</span> <span class='ocrx_word' id='word_1_185' title='bbox 686 2524 809 2585; x_wconf 90' lang='lat' dir='ltr'>timidos</span> <span class='ocrx_word' id='word_1_186' title='bbox 833 2524 960 2583; x_wconf 85' lang='lat' dir='ltr'>Graecos</span> <span class='ocrx_word' id='word_1_187' title='bbox 988 2524 1170 2600; x_wconf 83' lang='lat' dir='ltr'>perindeque</span> <span class='ocrx_word' id='word_1_188' title='bbox 1198 2522 1332 2599; x_wconf 80' lang='lat' dir='ltr'>inbellis3</span> 
     </span>
     <span class='ocr_line' id='line_1_25' title="bbox 315 2613 992 2689; baseline -0.001 -17"><span class='ocrx_word' id='word_1_189' title='bbox 315 2614 416 2674; x_wconf 87' lang='lat' dir='ltr'>nullus</span> <span class='ocrx_word' id='word_1_190' title='bbox 440 2615 520 2673; x_wconf 89' lang='lat' dir='ltr'>enim</span> <span class='ocrx_word' id='word_1_191' title='bbox 542 2614 658 2673; x_wconf 87' lang='lat' dir='ltr'>hostem</span> <span class='ocrx_word' id='word_1_192' title='bbox 680 2614 740 2674; x_wconf 91' lang='lat' dir='ltr'>nisi</span> <span class='ocrx_word' id='word_1_193' title='bbox 762 2613 882 2673; x_wconf 83' lang='lat' dir='ltr'>inbellis</span> <span class='ocrx_word' id='word_1_194' title='bbox 905 2613 992 2689; x_wconf 83' lang='lat' dir='ltr'>fugit.</span> 
     </span>
     <span class='ocr_line' id='line_1_26' title="bbox 270 2701 1385 2777; baseline -0.01 -12"><span class='ocrx_word' id='word_1_195' title='bbox 270 2724 298 2765; x_wconf 78' lang='lat' dir='ltr'>aa</span> <span class='ocrx_word' id='word_1_196' title='bbox 382 2701 479 2777; x_wconf 80' lang='lat' dir='ltr'>Atque</span> <span class='ocrx_word' id='word_1_197' title='bbox 500 2705 547 2763; x_wconf 80' lang='lat' dir='ltr'>tic</span> <span class='ocrx_word' id='word_1_198' title='bbox 564 2703 738 2763; x_wconf 77' lang='lat' dir='ltr'>Priamiden</span> <span class='ocrx_word' id='word_1_199' title='bbox 760 2703 907 2763; x_wconf 76' lang='lat' dir='ltr'>lactatum</span> <span class='ocrx_word' id='word_1_200' title='bbox 924 2718 1043 2775; x_wconf 76' lang='lat' dir='ltr'>corpore</span> <span class='ocrx_word' id='word_1_201' title='bbox 1066 2706 1121 2760; x_wconf 80' lang='lat' dir='ltr'>tcto</span> <span class='ocrx_word' id='word_1_202' title='bbox 1139 2702 1324 2775; x_wconf 73' lang='lat' dir='ltr'>Deiphobum</span> <span class='ocrx_word' id='word_1_203' title='bbox 1333 2705 1385 2754; x_wconf 79' lang='lat'>495</span> 
     </span>
     <span class='ocr_line' id='line_1_27' title="bbox 314 2791 1333 2865; baseline -0.002 -14"><span class='ocrx_word' id='word_1_204' title='bbox 314 2792 390 2851; x_wconf 63' lang='lat' dir='ltr'>vau</span> <span class='ocrx_word' id='word_1_205' title='bbox 407 2795 536 2853; x_wconf 80' lang='lat' dir='ltr'>locorum</span> <span class='ocrx_word' id='word_1_206' title='bbox 553 2793 708 2851; x_wconf 58' lang='lat' dir='ltr'>occidito*</span> <span class='ocrx_word' id='word_1_207' title='bbox 725 2810 788 2862; x_wconf 81' lang='lat' dir='ltr'>ora,</span> <span class='ocrx_word' id='word_1_208' title='bbox 811 2808 866 2850; x_wconf 84' lang='lat' dir='ltr'>ora</span> <span class='ocrx_word' id='word_1_209' title='bbox 883 2807 1046 2864; x_wconf 75' lang='lat' dir='ltr'>manusque</span> <span class='ocrx_word' id='word_1_210' title='bbox 1059 2792 1163 2850; x_wconf 84' lang='lat' dir='ltr'>ambas</span> <span class='ocrx_word' id='word_1_211' title='bbox 1175 2791 1333 2865; x_wconf 69' lang='lat' dir='ltr'>popeica-</span> 
     </span>
     <span class='ocr_line' id='line_1_28' title="bbox 315 2880 1332 2956; baseline -0.003 -16"><span class='ocrx_word' id='word_1_212' title='bbox 315 2898 371 2956; x_wconf 79' lang='lat' dir='ltr'>quc</span> <span class='ocrx_word' id='word_1_213' title='bbox 384 2886 512 2955; x_wconf 81' lang='lat' dir='ltr'>tempera</span> <span class='ocrx_word' id='word_1_214' title='bbox 524 2883 618 2954; x_wconf 78' lang='lat' dir='ltr'>raptis</span> <span class='ocrx_word' id='word_1_215' title='bbox 633 2882 756 2941; x_wconf 78' lang='lat' dir='ltr'>acribus</span> <span class='ocrx_word' id='word_1_216' title='bbox 771 2885 797 2939; x_wconf 83' lang='lat' dir='ltr'>et</span> <span class='ocrx_word' id='word_1_217' title='bbox 809 2885 930 2940; x_wconf 75' lang='lat' dir='ltr'>truncas</span> <span class='ocrx_word' id='word_1_218' title='bbox 942 2880 1091 2939; x_wconf 77' lang='lat' dir='ltr'>inhonesto</span> <span class='ocrx_word' id='word_1_219' title='bbox 1105 2880 1222 2939; x_wconf 68' lang='lat' dir='ltr'>caere</span> <span class='ocrx_word' id='word_1_220' title='bbox 1235 2897 1332 2939; x_wconf 75' lang='lat' dir='ltr'>cares.</span> 
     </span>
     <span class='ocr_line' id='line_1_29' title="bbox 315 2968 1335 3046; baseline -0.001 -18"><span class='ocrx_word' id='word_1_221' title='bbox 315 2973 366 3029; x_wconf 63' lang='lat' dir='ltr'>vile</span> <span class='ocrx_word' id='word_1_222' title='bbox 389 2970 461 3029; x_wconf 82' lang='lat' dir='ltr'>adeo</span> <span class='ocrx_word' id='word_1_223' title='bbox 484 2973 602 3046; x_wconf 68' lang='lat' dir='ltr'>spuerit</span> <span class='ocrx_word' id='word_1_224' title='bbox 618 2972 801 3044; x_wconf 75' lang='lat' dir='ltr'>pavitantem</span> <span class='ocrx_word' id='word_1_225' title='bbox 830 2973 857 3028; x_wconf 84' lang='lat' dir='ltr'>et</span> <span class='ocrx_word' id='word_1_226' title='bbox 877 2968 946 3027; x_wconf 77' lang='lat' dir='ltr'>dira</span> <span class='ocrx_word' id='word_1_227' title='bbox 974 2972 1112 3043; x_wconf 72' lang='lat' dir='ltr'>tepentes</span> <span class='ocrx_word' id='word_1_228' title='bbox 1138 2970 1285 3043; x_wconf 73' lang='lat' dir='ltr'>supplicia</span> <span class='ocrx_word' id='word_1_229' title='bbox 1308 2974 1335 3027; x_wconf 78' lang='lat' dir='ltr'>et</span> 
     </span>
     <span class='ocr_line' id='line_1_30' title="bbox 314 3057 1333 3134; baseline -0.002 -17"><span class='ocrx_word' id='word_1_230' title='bbox 314 3060 393 3118; x_wconf 79' lang='lat' dir='ltr'>notis</span> <span class='ocrx_word' id='word_1_231' title='bbox 415 3058 559 3134; x_wconf 80' lang='lat' dir='ltr'>conpellat</span> <span class='ocrx_word' id='word_1_232' title='bbox 578 3060 697 3118; x_wconf 77' lang='lat' dir='ltr'>vocibus</span> <span class='ocrx_word' id='word_1_233' title='bbox 719 3060 811 3117; x_wconf 79' lang='lat' dir='ltr'>ultro:</span> <span class='ocrx_word' id='word_1_234' title='bbox 833 3060 920 3117; x_wconf 89' lang='lat' dir='ltr'>tanta</span> <span class='ocrx_word' id='word_1_235' title='bbox 942 3059 975 3115; x_wconf 95' lang='lat' dir='ltr'>in</span> <span class='ocrx_word' id='word_1_236' title='bbox 993 3057 1150 3134; x_wconf 91' lang='lat' dir='ltr'>Deiphobo</span> <span class='ocrx_word' id='word_1_237' title='bbox 1174 3057 1333 3117; x_wconf 89' lang='lat' dir='ltr'>detrimen-</span> 
     </span>
     <span class='ocr_line' id='line_1_31' title="bbox 270 3147 1333 3225; baseline -0.004 -16"><span class='ocrx_word' id='word_1_238' title='bbox 270 3167 300 3209; x_wconf 81' lang='lat' dir='ltr'>ao</span> <span class='ocrx_word' id='word_1_239' title='bbox 315 3151 417 3208; x_wconf 88' lang='lat' dir='ltr'>torum</span> <span class='ocrx_word' id='word_1_240' title='bbox 440 3147 572 3225; x_wconf 90' lang='lat' dir='ltr'>corporis</span> <span class='ocrx_word' id='word_1_241' title='bbox 596 3148 770 3207; x_wconf 82' lang='lat' dir='ltr'>deformitas</span> <span class='ocrx_word' id='word_1_242' title='bbox 793 3148 867 3220; x_wconf 88' lang='lat' dir='ltr'>fuit,</span> <span class='ocrx_word' id='word_1_243' title='bbox 896 3149 933 3205; x_wconf 90' lang='lat' dir='ltr'>ut</span> <span class='ocrx_word' id='word_1_244' title='bbox 955 3147 1034 3206; x_wconf 89' lang='lat' dir='ltr'>hunc</span> <span class='ocrx_word' id='word_1_245' title='bbox 1062 3147 1136 3207; x_wconf 87' lang='lat' dir='ltr'>civis</span> <span class='ocrx_word' id='word_1_246' title='bbox 1160 3149 1257 3221; x_wconf 88' lang='lat' dir='ltr'>notus,</span> <span class='ocrx_word' id='word_1_247' title='bbox 1282 3147 1333 3205; x_wconf 88' lang='lat' dir='ltr'>ad-</span> 
     </span>
    </p>
   </div>
   <div class='ocr_carea' id='block_1_3' title="bbox 313 3351 1334 3847">
    <p class='ocr_par' dir='ltr' id='par_1_3' title="bbox 313 3351 1334 3847">
     <span class='ocr_line' id='line_1_32' title="bbox 389 3351 1296 3422; baseline 0 -17"><span class='ocrx_word' id='word_1_248' title='bbox 389 3357 405 3405; x_wconf 85' lang='grc'><strong>6</strong></span> <span class='ocrx_word' id='word_1_249' title='bbox 423 3353 465 3407; x_wconf 82' lang='lat' dir='ltr'>rei</span> <span class='ocrx_word' id='word_1_250' title='bbox 477 3351 503 3406; x_wconf 94' lang='lat' dir='ltr'><strong>V</strong></span> <span class='ocrx_word' id='word_1_251' title='bbox 518 3357 562 3422; x_wconf 88' lang='lat' dir='ltr'>(ex</span> <span class='ocrx_word' id='word_1_252' title='bbox 574 3358 614 3407; x_wconf 80' lang='lat' dir='ltr'>eet</span> <span class='ocrx_word' id='word_1_253' title='bbox 627 3351 803 3421; x_wconf 67' lang='lat' dir='ltr'>archetypir)</span> <span class='ocrx_word' id='word_1_254' title='bbox 817 3353 864 3407; x_wconf 83' lang='lat' dir='ltr'>ced</span> <span class='ocrx_word' id='word_1_255' title='bbox 879 3352 947 3407; x_wconf 80' lang='lat' dir='ltr'>corr.</span> <span class='ocrx_word' id='word_1_256' title='bbox 958 3352 1001 3405; x_wconf 76' lang='lat' dir='ltr'>ed,</span> <span class='ocrx_word' id='word_1_257' title='bbox 1057 3356 1073 3404; x_wconf 87' lang='lat'>8</span> <span class='ocrx_word' id='word_1_258' title='bbox 1092 3352 1175 3407; x_wconf 77' lang='lat' dir='ltr'>etiam</span> <span class='ocrx_word' id='word_1_259' title='bbox 1189 3368 1242 3405; x_wconf 90' lang='lat' dir='ltr'>om.</span> <span class='ocrx_word' id='word_1_260' title='bbox 1253 3352 1296 3405; x_wconf 89' lang='lat' dir='ltr'>ed.</span> 
     </span>
     <span class='ocr_line' id='line_1_33' title="bbox 316 3422 1334 3494; baseline -0.002 -18"><span class='ocrx_word' id='word_1_261' title='bbox 316 3429 350 3478; x_wconf 78' lang='lat'>12</span> <span class='ocrx_word' id='word_1_262' title='bbox 371 3424 413 3477; x_wconf 78' lang='lat' dir='ltr'>dii</span> <span class='ocrx_word' id='word_1_263' title='bbox 429 3424 545 3494; x_wconf 62' lang='lat' dir='ltr'>sapiunt</span> <span class='ocrx_word' id='word_1_264' title='bbox 562 3425 650 3478; x_wconf 81' lang='lat' dir='ltr'>almae</span> <span class='ocrx_word' id='word_1_265' title='bbox 667 3422 701 3479; x_wconf 89' lang='lat' dir='ltr'>V.</span> <span class='ocrx_word' id='word_1_266' title='bbox 771 3427 805 3476; x_wconf 81' lang='lat'>14</span> <span class='ocrx_word' id='word_1_267' title='bbox 823 3424 881 3478; x_wconf 79' lang='lat' dir='ltr'>olio</span> <span class='ocrx_word' id='word_1_268' title='bbox 898 3440 950 3493; x_wconf 88' lang='lat' dir='ltr'>pro</span> <span class='ocrx_word' id='word_1_269' title='bbox 969 3424 1030 3477; x_wconf 84' lang='lat' dir='ltr'>alvo</span> <span class='ocrx_word' id='word_1_270' title='bbox 1048 3422 1082 3477; x_wconf 93' lang='lat' dir='ltr'>V.</span> <span class='ocrx_word' id='word_1_271' title='bbox 1153 3427 1185 3476; x_wconf 77' lang='lat'>17</span> <span class='ocrx_word' id='word_1_272' title='bbox 1204 3422 1334 3477; x_wconf 63' lang='lat' dir='ltr'>mcccv</span> 
     </span>
     <span class='ocr_line' id='line_1_34' title="bbox 314 3493 1334 3565; baseline -0.001 -15"><span class='ocrx_word' id='word_1_273' title='bbox 314 3496 398 3550; x_wconf 78' lang='lat' dir='ltr'>timor</span> <span class='ocrx_word' id='word_1_274' title='bbox 416 3494 459 3548; x_wconf 91' lang='lat' dir='ltr'>ed.</span> <span class='ocrx_word' id='word_1_275' title='bbox 520 3500 552 3548; x_wconf 84' lang='lat'>19</span> <span class='ocrx_word' id='word_1_276' title='bbox 572 3496 692 3550; x_wconf 77' lang='lat' dir='ltr'>incidere</span> <span class='ocrx_word' id='word_1_277' title='bbox 710 3494 736 3547; x_wconf 93' lang='lat' dir='ltr'><strong>V</strong></span> <span class='ocrx_word' id='word_1_278' title='bbox 755 3512 824 3549; x_wconf 86' lang='lat' dir='ltr'>corr.</span> <span class='ocrx_word' id='word_1_279' title='bbox 840 3495 883 3549; x_wconf 93' lang='lat' dir='ltr'>ed.</span> <span class='ocrx_word' id='word_1_280' title='bbox 948 3500 981 3547; x_wconf 74' lang='lat'>22</span> <span class='ocrx_word' id='word_1_281' title='bbox 1000 3511 1027 3549; x_wconf 80' lang='lat' dir='ltr'>se</span> <span class='ocrx_word' id='word_1_282' title='bbox 1100 3494 1123 3548; x_wconf 78' lang='lat' dir='ltr'>a·</span> <span class='ocrx_word' id='word_1_283' title='bbox 1140 3493 1195 3565; x_wconf 77' lang='lat' dir='ltr'>V.{</span> <span class='ocrx_word' id='word_1_284' title='bbox 1216 3495 1334 3549; x_wconf 68' lang='lat' dir='ltr'>troiamo</span> 
     </span>
     <span class='ocr_line' id='line_1_35' title="bbox 314 3563 1334 3636; baseline -0.003 -16"><span class='ocrx_word' id='word_1_285' title='bbox 314 3566 341 3620; x_wconf 88' lang='lat' dir='ltr'>V</span> <span class='ocrx_word' id='word_1_286' title='bbox 361 3563 488 3621; x_wconf 75' lang='lat' dir='ltr'>corred.</span> <span class='ocrx_word' id='word_1_287' title='bbox 505 3566 509 3635; x_wconf 85' lang='grc' dir='ltr'>Ι</span> <span class='ocrx_word' id='word_1_288' title='bbox 529 3582 592 3636; x_wconf 69' lang='lat' dir='ltr'>erpo</span> <span class='ocrx_word' id='word_1_289' title='bbox 610 3566 723 3620; x_wconf 83' lang='lat' dir='ltr'>omed.</span> <span class='ocrx_word' id='word_1_290' title='bbox 800 3571 834 3620; x_wconf 79' lang='lat'>25</span> <span class='ocrx_word' id='word_1_291' title='bbox 849 3566 1017 3635; x_wconf 62' lang='lat' dir='ltr'>mmmidem</span> <span class='ocrx_word' id='word_1_292' title='bbox 1075 3563 1127 3630; x_wconf 80' lang='lat' dir='ltr'>ed,</span> <span class='ocrx_word' id='word_1_293' title='bbox 1147 3567 1178 3618; x_wconf 85' lang='lat' dir='ltr'>at</span> <span class='ocrx_word' id='word_1_294' title='bbox 1196 3569 1284 3631; x_wconf 60' lang='lat' dir='ltr'>abab</span> <span class='ocrx_word' id='word_1_295' title='bbox 1303 3564 1334 3617; x_wconf 93' lang='lat' dir='ltr'>in</span> 
     </span>
     <span class='ocr_line' id='line_1_36' title="bbox 314 3634 1334 3706; baseline -0.001 -15"><span class='ocrx_word' id='word_1_296' title='bbox 314 3638 432 3706; x_wconf 87' lang='lat' dir='ltr'>interpr.</span> <span class='ocrx_word' id='word_1_297' title='bbox 447 3636 520 3690; x_wconf 77' lang='lat' dir='ltr'>-dea,</span> <span class='ocrx_word' id='word_1_298' title='bbox 581 3642 614 3690; x_wconf 77' lang='lat'>26</span> <span class='ocrx_word' id='word_1_299' title='bbox 629 3637 774 3693; x_wconf 62' lang='lat' dir='ltr'>credeliter</span> <span class='ocrx_word' id='word_1_300' title='bbox 784 3668 818 3677; x_wconf 92' lang='lat'><em>-</em></span> <span class='ocrx_word' id='word_1_301' title='bbox 828 3642 862 3690; x_wconf 79' lang='lat'>29</span> <span class='ocrx_word' id='word_1_302' title='bbox 876 3637 950 3691; x_wconf 73' lang='lat' dir='ltr'>ultro</span> <span class='ocrx_word' id='word_1_303' title='bbox 968 3653 1022 3690; x_wconf 92' lang='lat' dir='ltr'>om.</span> <span class='ocrx_word' id='word_1_304' title='bbox 1033 3634 1077 3690; x_wconf 90' lang='lat' dir='ltr'>ed.</span> <span class='ocrx_word' id='word_1_305' title='bbox 1087 3637 1160 3705; x_wconf 86' lang='lat' dir='ltr'>post.</span> <span class='ocrx_word' id='word_1_306' title='bbox 1216 3641 1249 3689; x_wconf 77' lang='lat'>29</span> <span class='ocrx_word' id='word_1_307' title='bbox 1269 3636 1334 3691; x_wconf 76' lang='lat' dir='ltr'>inde</span> 
     </span>
     <span class='ocr_line' id='line_1_37' title="bbox 313 3706 1332 3781; baseline 0 -19"><span class='ocrx_word' id='word_1_308' title='bbox 313 3725 381 3762; x_wconf 90' lang='lat' dir='ltr'>cum</span> <span class='ocrx_word' id='word_1_309' title='bbox 404 3723 453 3762; x_wconf 84' lang='lat' dir='ltr'>aex</span> <span class='ocrx_word' id='word_1_310' title='bbox 474 3706 534 3762; x_wconf 82' lang='lat' dir='ltr'>iere</span> <span class='ocrx_word' id='word_1_311' title='bbox 554 3707 713 3763; x_wconf 81' lang='lat' dir='ltr'>litterarum</span> <span class='ocrx_word' id='word_1_312' title='bbox 732 3708 826 3777; x_wconf 88' lang='lat' dir='ltr'>spatio</span> <span class='ocrx_word' id='word_1_313' title='bbox 839 3708 866 3762; x_wconf 95' lang='lat' dir='ltr'><strong>V</strong></span> <span class='ocrx_word' id='word_1_314' title='bbox 883 3709 915 3761; x_wconf 81' lang='lat' dir='ltr'>in</span> <span class='ocrx_word' id='word_1_315' title='bbox 930 3706 1073 3776; x_wconf 69' lang='lat' dir='ltr'>Deiphobo</span> <span class='ocrx_word' id='word_1_316' title='bbox 1092 3706 1200 3781; x_wconf 81' lang='lat' dir='ltr'>scripsi,</span> <span class='ocrx_word' id='word_1_317' title='bbox 1220 3723 1273 3761; x_wconf 91' lang='lat' dir='ltr'>om.</span> <span class='ocrx_word' id='word_1_318' title='bbox 1288 3706 1332 3762; x_wconf 72' lang='lat' dir='ltr'>ed</span> 
     </span>
     <span class='ocr_line' id='line_1_38' title="bbox 371 3778 769 3847; baseline 0.003 -15"><span class='ocrx_word' id='word_1_319' title='bbox 371 3783 406 3832; x_wconf 82' lang='lat'>³0</span> <span class='ocrx_word' id='word_1_320' title='bbox 423 3779 508 3847; x_wconf 71' lang='lat' dir='ltr'>oficio</span> <span class='ocrx_word' id='word_1_321' title='bbox 525 3778 552 3832; x_wconf 90' lang='lat' dir='ltr'><strong>V</strong></span> <span class='ocrx_word' id='word_1_322' title='bbox 569 3786 594 3834; x_wconf 82' lang='lat' dir='ltr'>et</span> <span class='ocrx_word' id='word_1_323' title='bbox 611 3780 709 3847; x_wconf 68' lang='lat' dir='ltr'>affinis</span> <span class='ocrx_word' id='word_1_324' title='bbox 726 3779 769 3833; x_wconf 89' lang='lat' dir='ltr'>ed.</span> 
     </span>
    </p>
   </div>
   <div class='ocr_carea' id='block_1_4' title="bbox 412 3877 426 3908">
    <p class='ocr_par' dir='ltr' id='par_1_4' title="bbox 412 3877 426 3908">
     <span class='ocr_line' id='line_1_39' title="bbox 412 3877 426 3908; baseline 0 0"><span class='ocrx_word' id='word_1_325' title='bbox 412 3877 426 3908; x_wconf 77' lang='lat'><em>0</em></span> 
     </span>
    </p>
   </div>
   <div class='ocr_carea' id='block_1_5' title="bbox 0 0 1630 4350">
    <p class='ocr_par' dir='ltr' id='par_1_5' title="bbox 0 0 1630 4350">
     <span class='ocr_line' id='line_1_40' title="bbox 0 0 1630 4350; baseline 0 0"><span class='ocrx_word' id='word_1_326' title='bbox 0 0 1630 4350; x_wconf 95' lang='lat' dir='ltr'> </span> 
     </span>
    </p>
   </div>
  </div>
 </body>
</html>
