3250 4350
655 429 839 485 AENEIDOS
856 431 895 485 Vl
1221 431 1286 496 537

266 599 499 659 similitudinem
518 601 664 658 monstret
682 599 730 659 vel
753 600 897 660 colorem:
921 601 1007 674 anate
1024 601 1095 658 solet
1111 601 1194 659 silvis
1212 601 1342 659 ara-205

265 689 345 748 mali
366 690 476 763 frigore
498 691 610 748 nisena
632 689 738 762 frande
758 691 855 748 virere
876 705 962 758 noea,
986 689 1064 762 qaod
1084 706 1145 748 non
1166 707 1224 750 saa
1245 707 1288 750 se·
1340 706 1342 709 ·

264 779 366 836 rninat
387 779 481 847 arbos,
505 783 532 836 et
549 795 644 837 eroaeo
662 778 724 850 feta
741 780 837 837 teretis
863 779 1046 838 araemdare
1072 782 1198 848 baneas,
1220 780 1288 838 talis

267 870 336 926 erat
355 868 463 941 speaes
486 869 556 926 anri
578 867 742 941 frondentis
764 882 859 942 opaea
875 868 954 936 ittae,
982 869 1025 926 sie
1047 867 1106 926 teni
1129 869 1288 942 crepitabat

230 977 247 1018 s
268 957 384 1015 brattea
396 960 487 1015 rena.
525 955 783 1032 quemadmodum,
802 955 910 1032 inquit,
927 956 1052 1015 hiemali
1065 957 1176 1033 frigore
1196 975 1288 1016 emer-

268 1044 411 1122 gentibus
425 1043 579 1104 frondibus
599 1045 684 1104 novis
703 1045 800 1104 solent
814 1045 953 1104 arbonam
967 1046 1067 1104 tnmoi
1082 1045 1163 1104 visoo
1177 1046 1288 1104 fluente

269 1133 413 1209 perfundi
427 1136 457 1192 et
472 1134 600 1193 oolorem
615 1152 749 1195 oroeeum
768 1134 981 1207 demonstrare,
1003 1134 1075 1193 talis
1094 1136 1158 1193 erat
1176 1136 1287 1210 speeies

268 1222 338 1281 auri
360 1221 535 1282 frondentis.
581 1241 648 1282 eum
672 1223 870 1284 admiratione
892 1225 1026 1299 positum
1049 1226 1094 1282 est
1116 1225 1185 1282 auri
1208 1225 1287 1282 iron-

268 1311 369 1370 dentis
397 1330 491 1388 opaea
518 1312 601 1387 iliae3
627 1313 807 1370 miraculum
835 1314 914 1371 enim
936 1313 996 1371 fuit
1019 1331 1054 1369 ex
1082 1311 1187 1372 arbore
1209 1313 1287 1372 iliois

218 1424 249 1464 ιο
265 1401 326 1459 hoe
353 1404 398 1460 est
425 1421 461 1459 ex
487 1402 570 1477 ligno
601 1400 760 1460 durissimo
789 1421 906 1460 ramum
934 1420 1057 1460 aureum
1090 1420 1157 1460 eum
1188 1403 1287 1461 aureis

265 1489 424 1549 frondibus
448 1489 589 1549 extitisse.
636 1493 757 1565 eorn'prit
773 1489 891 1549 Aeneae
914 1492 1067 1565 eatempto:
1088 1493 1212 1566 propter
1232 1510 1277 1548 re·
1288 1493 1341 1541 210

266 1579 446 1638 movendam
460 1579 604 1638 narrandi
616 1580 823 1654 prolixitatem
835 1598 896 1638 non
914 1579 991 1638 dixit
1009 1580 1156 1655 quomodo
1170 1579 1287 1639 Aeneas

270 1667 313 1726 ad
335 1669 433 1743 ipsam
461 1668 597 1728 arborem
619 1668 760 1727 videatur
785 1670 963 1743 perrexisse,
991 1687 1058 1727 eum
1080 1669 1217 1729 volantes
1240 1686 1287 1728 oo·

269 1756 391 1816 lumbae
409 1759 460 1815 vix
477 1757 530 1816 illo
549 1758 754 1832 pervenissent
771 1760 895 1832 propter
912 1756 1027 1817 Averni
1044 1757 1287 1835 graveolentiam,

218 1867 248 1909 is
265 1863 324 1904 nos
346 1848 446 1904 tamen
472 1846 551 1922 quod
573 1845 754 1904 breviandae
777 1847 960 1906 narrationis
983 1864 1073 1906 eausa
1095 1850 1185 1922 poeta
1202 1867 1287 1922 prae-

268 1936 403 1994 termisit
416 1934 590 2012 intellegere
608 1952 775 2010 possumus,
798 1936 947 2010 quaesisse
961 1934 1084 1993 Aenean
1101 1936 1192 1994 aliam
1206 1937 1288 1995 viam

267 2026 301 2083 et
324 2025 505 2099 pervenisse,
528 2026 564 2082 ut
585 2025 740 2083 inventum
763 2043 871 2083 munus
894 2025 1022 2083 offerret.
1068 2026 1172 2083 statim
1193 2025 1288 2102 igitur

267 2111 388 2171 Aeneas
419 2113 499 2172 hune
529 2131 647 2172 ramum
680 2113 824 2189 corripuit
855 2115 959 2190 utpote
994 2112 1046 2171 diu
1078 2112 1286 2172 desideratum.

267 2202 432 2276 avidaeque
453 2203 591 2277 refringit
612 2207 807 2263 wnetantem:
835 2205 865 2261 et
892 2221 959 2261 eum
981 2221 1082 2261 ramus
1104 2202 1169 2278 ipse
1192 2204 1287 2262 avidi-

218 2314 250 2357 so
266 2292 365 2351 tatem
395 2293 584 2367 properantis
613 2292 793 2366 retardaret,
826 2290 905 2352 huno
931 2295 1032 2351 tamen
1059 2292 1180 2366 Aeneas,
1205 2292 1286 2351 vioit.

266 2384 297 2440 et
327 2382 402 2439 vatis
429 2385 532 2455 portat
561 2382 615 2440 sab
648 2385 719 2441 teeta
749 2376 893 2455 Sibyllae:
923 2381 1117 2440 nuntiaturus
1150 2382 1288 2456 conpleta

266 2470 372 2529 omnia
393 2469 527 2545 portavit
549 2472 649 2547 ipsum
671 2489 789 2529 ramum
811 2470 866 2529 sub
889 2472 969 2531 ratis
992 2472 1081 2530 beata.

337 2558 399 2618 Nee
419 2560 520 2618 minas
542 2561 654 2619 bntaea
675 2561 828 2619 Misenum
849 2561 883 2618 in
906 2561 987 2618 litare
1007 2560 1113 2618 Teneri
1135 2560 1244 2632 stabant
1261 2564 1289 2619 et

265 2649 362 2708 cineri
383 2649 500 2722 ingrato
526 2666 666 2723 snprenm
684 2650 833 2723 ferebant:
858 2648 949 2708 rediit
972 2647 1010 2705 ad
1034 2667 1069 2707 ea
1092 2647 1170 2706 unde
1193 2665 1286 2707 reaes-

218 2759 247 2801 ιι
266 2738 352 2796 serat
374 2739 404 2795 et
426 2737 572 2812 oonpletis
598 2736 629 2795 in
654 2756 744 2797 causa
770 2738 848 2797 rami
870 2737 1007 2813 partibus
1032 2736 1070 2795 ad
1092 2737 1200 2797 Miseni
1222 2755 1287 2797 exe·

267 2825 358 2900 quies
381 2826 533 2885 revolutus
557 2828 614 2885 est:
638 2825 709 2885 dum
727 2826 853 2900 Aeneas,
875 2827 984 2903 inquit,
1008 2826 1068 2885 alia
1092 2829 1211 2885 curaret
1232 2845 1288 2886 nea

264 2917 372 2973 tamen
404 2934 439 2973 ea
471 2916 538 2990 ipsa
570 2915 725 2974 obstarent
756 2914 929 2973 curantibus
961 2916 1159 2991 sepulturam,
1191 2916 1286 2975 nihilo

264 3004 369 3062 miuus
392 3003 515 3062 Troiani
537 3003 684 3063 Misenum
706 3003 819 3062 flebant
842 3006 872 3062 et
894 3006 986 3063 aineri
1007 3005 1128 3082 ingrato
1147 3023 1288 3082 suprema

265 3091 413 3151 ferebant.
460 3110 527 3151 eum
555 3091 686 3152 nondum
714 3094 849 3168 arsisset,
877 3093 927 3151 sed
955 3112 1023 3152 mox
1052 3097 1129 3153 esset
1156 3113 1286 3169 arsurus,

218 3206 247 3248 so
264 3182 349 3240 reete
372 3180 504 3240 defuncti
528 3200 636 3258 eorpus
655 3184 782 3241 cinerem
803 3182 887 3257 dixit,
911 3183 1055 3257 quiahoc
1075 3182 1229 3261 agebatur,
1251 3186 1287 3241 ut

341 3386 471 3442 bbratea
488 3386 521 3441 V.
609 3388 743 3455 tanate
760 3386 786 3440 V
804 3386 848 3440 ed.
867 3388 996 3455 florenta
1078 3392 1093 3439 '1
1113 3386 1180 3441 tates
1197 3385 1231 3439 V.

266 3463 302 3514 10
322 3457 501 3513 dirissimam
524 3459 567 3512 ed.
660 3464 692 3513 11
711 3458 843 3528 eatemplo
861 3458 970 3514 Aeneae
988 3458 1031 3513 ed.
1124 3463 1157 3511 14
1174 3473 1286 3527 araneo·

265 3530 381 3584 lentiam
399 3528 425 3582 V
442 3546 552 3599 gravene
573 3530 682 3585 ‘eduens
705 3528 748 3583 ed.
860 3535 892 3582 17
915 3546 1017 3584 manae
1035 3528 1060 3581 V
1082 3546 1111 3584 se
1132 3546 1166 3583 ne.
1186 3527 1229 3582 ed.

266 3606 302 3656 19
321 3602 461 3655 romani
493 3618 506 3655 e
524 3600 550 3654 V
569 3617 637 3655 eorr.
657 3600 700 3654 ed.
809 3605 845 3653 ΞΟ
862 3601 1036 3656 retardarent
1052 3600 1078 3654 V
1097 3616 1166 3654 aorr.
1186 3598 1229 3652 ed.

265 3677 302 3727 26
321 3672 420 3727 miseni
486 3672 524 3726 ad
543 3672 586 3727 M.
606 3672 650 3726 ed.
741 3677 775 3725 26
794 3672 1033 3726 dnm-cararet
1055 3670 1167 3726 omed.
1198 3672 1202 3738 Ι
1235 3688 1286 3726 nee

264 3744 292 3797 V
310 3760 346 3797 ne
368 3742 412 3797 ed
503 3747 537 3796 30
561 3760 617 3812 aaa
638 3744 689 3796 bue
711 3744 865 3813 agebantur
882 3742 908 3796 V
930 3744 998 3812 qaia
1019 3744 1086 3798 baec
1108 3761 1134 3796 a.
1154 3740 1196 3795 ed.
1216 3742 1286 3811 auia

262 3817 316 3871 boe
333 3816 467 3885 agebatur
484 3830 542 3868 nos.
