3250 4350
718 419 901 474 AENEIDOS
920 419 945 473 V
1179 438 1182 459 ¹
1280 419 1347 485 475

329 588 425 645 cendit
451 589 524 646 ciris
552 592 578 645 et
605 590 720 646 conscio
746 590 856 646 uirtus:
891 587 1001 661 vidus,
1032 590 1144 664 inquit,
1177 609 1254 664 quae
1282 607 1346 648 sese

330 679 464 752 noverat,
484 679 616 735 animum
636 675 791 735 irascentis
811 676 954 735 armabat.
982 680 1227 750 praecipitemque
1240 679 1346 737 Daren

331 767 439 824 ardeus
462 767 524 838 cpit
546 783 669 838 aequore
692 770 763 824 loto:
784 765 846 839 ille,
865 767 918 841 qui
937 769 1035 824 aetate
1054 768 1155 842 gravis
1175 769 1205 825 εὴ
1224 785 1347 841 corpore

331 873 390 912 uno
413 856 445 911 in
468 856 533 913 loco
555 853 718 913 consistens
736 854 813 913 ictus
832 855 979 914 venientis
998 854 1174 914 declinando
1193 855 1347 930 fundebat,

303 945 377 1001 sira
400 942 488 1001 simul
513 947 543 1002 et
566 942 747 1002 conscientia
770 943 891 1004 virtutis
915 962 1053 1002 accensus
1079 947 1199 1019 repente
1227 944 1346 1002 mobilis

332 1034 362 1089 et
385 1050 452 1089 acer
475 1033 596 1090 effectus
618 1032 755 1108 agitabat
773 1031 873 1090 Daren
891 1052 945 1107 per
963 1051 1081 1092 omnem
1099 1051 1237 1108 campum
1256 1036 1346 1106 atque

330 1122 388 1194 ita,
420 1123 455 1178 ut
486 1122 604 1197 fugiens
640 1122 692 1178 ille
723 1139 865 1197 praeceps
903 1124 988 1180 actus
1025 1124 1105 1180 stare
1141 1141 1200 1180 non
1236 1123 1345 1196 posset.

332 1208 440 1285 agebat
467 1213 567 1269 autem
593 1211 685 1268 istum
712 1228 791 1269 nune
819 1212 920 1269 unua
947 1212 1131 1284 inseminare
1153 1212 1239 1277 inus,
1267 1228 1348 1270 nunc

330 1299 380 1356 ille
405 1300 536 1358 sinislra.
582 1299 648 1373 ille,
677 1319 764 1375 quem
792 1300 915 1358 iuventa
943 1300 1104 1375 superbum
1131 1300 1255 1373 fecerat,
1284 1299 1347 1374 ille,

289 1408 317 1446 ro
332 1387 383 1462 qui
411 1388 520 1463 pedum
548 1387 654 1447 melior
680 1389 778 1447 fuerat
805 1392 902 1464 motu,
930 1390 973 1447 sio
1001 1389 1124 1448 cedebat
1152 1388 1272 1446 Entello
1301 1389 1345 1445 in·

331 1478 433 1551 stanti,
456 1480 490 1535 ut
512 1479 695 1552 insequentis
719 1479 797 1535 senis
820 1478 899 1536 ictus
922 1479 1019 1536 vitare
1042 1497 1102 1536 non
1124 1480 1233 1553 posset,
1252 1495 1345 1552 usque

332 1565 404 1623 adeo
428 1569 462 1624 ut
484 1586 544 1625 non
566 1569 628 1623 iam
652 1566 862 1644 singularibus,
886 1567 938 1625 sed
961 1568 1120 1644 geminatis
1143 1569 1174 1624 εὴ
1199 1565 1345 1641 multipli-

332 1655 407 1711 catis
430 1654 538 1714 ictibus
563 1656 745 1729 caederetur,
771 1673 826 1712 neo
848 1674 909 1714 una
931 1657 1139 1714 tantummodo
1162 1674 1267 1729 manu,
1295 1655 1346 1713 sed

330 1746 459 1818 utraque
487 1743 669 1803 verberante.
714 1762 767 1803 nec
792 1761 877 1802 rnorc
903 1763 956 1803 nee
982 1747 1108 1817 requies:
1140 1745 1223 1802 nulla
1253 1763 1346 1820 vapu-

288 1850 317 1890 1e
332 1833 409 1890 lanti
432 1832 559 1890 dabatur
581 1834 708 1908 requies,
736 1834 808 1907 quia
831 1832 940 1891 ictibus
963 1833 1045 1892 duris
1068 1837 1098 1892 et
1120 1833 1238 1911 iugibus
1262 1833 1347 1892 nulla

331 1940 482 1979 morarum
500 1922 700 1997 praebebatur
719 1922 843 1980 occasio.
876 1940 965 1995 quom
983 1922 1075 1980 rnulic
1091 1923 1238 1994 prondine
1255 1924 1347 1980 nimbi

332 2010 505 2068 culminibus
534 2014 690 2084 crepitant:
726 2009 781 2082 sic,
813 2012 927 2086 inquit,
959 2011 1043 2069 inlisi
1074 2012 1106 2068 in
1136 2010 1237 2069 Daren
1268 2013 1346 2070 ictus

332 2099 529 2172 crepitabant,
552 2103 587 2157 ut
610 2099 687 2158 solet
710 2099 802 2158 densa
826 2099 948 2177 grando,
973 2118 1041 2157 cum
1063 2100 1150 2158 tectis
1169 2100 1346 2175 infunditur,

331 2207 497 2262 personare.
537 2209 647 2267 magna
666 2191 842 2264 conparatio
866 2190 1019 2267 grandinis
1043 2192 1073 2248 et
1095 2192 1255 2263 tectorum,
1280 2209 1347 2248 cum

288 2296 317 2335 ac
332 2278 411 2335 enim
434 2278 547 2355 grando
572 2280 714 2351 extiterit,
737 2279 902 2337 caeduntur
923 2282 1042 2337 tantum
1065 2280 1153 2345 tecta
1171 2298 1230 2337 non
1255 2282 1347 2337 etiam

331 2364 397 2442 ipsa
425 2368 550 2442 feriunt,
578 2372 612 2426 ut
640 2367 813 2427 ostendatur
836 2367 930 2427 Dares
958 2370 1077 2427 tantum
1104 2367 1214 2426 crebris
1237 2367 1346 2426 ictibus

331 2474 447 2530 caesus,
480 2460 514 2514 ut
545 2458 609 2533 ipse
642 2476 711 2516 suos
743 2476 803 2515 non
835 2456 980 2515 valuisset
1009 2475 1135 2515 exerere.
1179 2458 1222 2514 sie
1249 2456 1347 2514 densis

331 2546 434 2603 ictibus
456 2547 539 2604 heros
558 2548 655 2606 creber
672 2550 796 2617 utruque
812 2564 906 2604 rncuu
918 2545 1023 2618 pulsat
1040 2549 1191 2617 uerscique
1209 2546 1401 2603 Dorelc:460

332 2632 458 2708 denique
486 2637 521 2691 ut
543 2630 685 2713 †grand0
710 2635 829 2694 densior
851 2636 944 2707 tecta,
969 2633 1011 2693 sic
1035 2634 1144 2692 crebris
1167 2637 1197 2691 et
1219 2635 1346 2708 utraque

288 2739 317 2779 ac
332 2741 423 2780 manu
450 2724 548 2781 inlisis
575 2725 683 2783 ictibus
712 2726 871 2799 superatus
894 2722 988 2781 Dares
1016 2742 1075 2780 non
1099 2722 1206 2781 cecidit
1228 2726 1264 2780 ut
1286 2723 1346 2780 Dn-

331 2811 420 2868 tellus
453 2831 532 2885 casu,
565 2813 616 2871 sed
644 2813 754 2871 virtute
784 2812 918 2872 fortioris
946 2814 992 2871 est
1018 2829 1130 2871 versus.
1176 2815 1237 2871 num
1261 2816 1348 2885 poter

332 2898 448 2959 Aeneas
470 2903 626 2973 procedere
654 2904 768 2976 lonpius
795 2904 859 2960 iras
883 2906 909 2960 ei
929 2902 1043 2959 saeuire
1066 2902 1174 2960 animis
1196 2901 1348 2959 Entellum

330 2989 404 3046 licui
421 3007 532 3061 possus
555 2992 673 3059 acerbis,
692 2992 744 3050 secl
765 2992 855 3063 linem
876 2991 1008 3062 inposuit
1023 3007 1158 3063 puqnoe:
1180 2989 1298 3049 Aeneas
1317 2992 1348 3047 et

331 3079 379 3134 sui
406 3078 535 3137 hominis
564 3098 653 3139 causa
680 3082 710 3138 et
738 3081 810 3154 quia
838 3079 976 3138 acerbum
1003 3080 1062 3137 fuit
1088 3082 1158 3153 post
1189 3080 1348 3138 victoriam

285 3184 316 3224 so
331 3166 483 3225 hominem
506 3169 589 3226 caedi
612 3188 705 3243 usqne
730 3168 767 3225 ad
790 3169 951 3226 terminum
974 3169 1064 3241 vitae,
1082 3168 1172 3225 finem
1191 3167 1347 3226 certamini

406 3378 417 3423 1
439 3390 508 3439 quae
526 3372 579 3423 LR
601 3390 656 3439 quc
675 3373 718 3426 ed.
810 3376 879 3425 8-9
899 3373 970 3426 ictus
987 3390 1062 3427 nune
1080 3373 1127 3427 ille
1145 3373 1171 3425 R
1192 3374 1249 3427 istu
1272 3390 1348 3426 nunc

331 3444 397 3497 inde
416 3442 444 3495 L.
513 3449 545 3496 10
565 3444 683 3498 instanti
701 3443 726 3495 It
744 3444 851 3497 intanta
870 3443 892 3495 L
911 3459 964 3496 om.
979 3443 1022 3496 cd.
1093 3449 1126 3497 14
1144 3460 1221 3497 moro
1239 3460 1288 3497 nee
1306 3461 1347 3496 re·

331 3516 408 3582 quies
426 3514 451 3565 Pe
468 3533 503 3568 rn.
519 3532 597 3584 apere
615 3516 691 3583 quies
709 3515 739 3567 L.
820 3520 854 3567 24
873 3520 905 3568 nt
921 3515 1029 3583 mando
1048 3515 1158 3569 densior
1176 3521 1244 3569 testu
1262 3514 1284 3567 L
1303 3514 1346 3567 ed.

330 3592 363 3638 ui
377 3603 416 3655 pr.
429 3586 454 3638 d.
466 3593 528 3640 acio
542 3585 567 3637 R
580 3583 604 3637 r'
617 3585 647 3638 in
661 3602 749 3654 marg.
761 3585 827 3637 =L
841 3586 978 3654 prcndine
993 3586 1115 3640 densiore
1129 3592 1198 3640 testu
1212 3585 1347 3654 suspicor,

331 3656 382 3710 sed
402 3673 511 3710 crucem
531 3672 672 3725 apponere
686 3656 775 3710 malui
788 3655 850 3709 loco
865 3655 1042 3710 hauddubie
1057 3659 1195 3725 corrupto.
1251 3662 1284 3708 ‘25
1304 3658 1347 3709 in·

330 3728 393 3781 lisis
411 3727 463 3781 LR
485 3728 600 3782 inclusis
619 3729 661 3781 ed.
681 3728 799 3782 incussis
818 3727 861 3781 ed.
881 3728 952 3797 post.
984 3730 987 3795 Ι
1021 3745 1078 3782 non
1097 3729 1121 3780 a
1143 3745 1218 3782 nune
1235 3728 1257 3780 L
1276 3727 1320 3781 ed.
1342 3734 1345 3743 “

330 3805 364 3853 nl
383 3798 434 3851 LR
451 3814 508 3853 non
526 3806 557 3853 ut
575 3800 618 3852 ed.
