3250 4350
331 409 383 464 XII
415 463 422 473 ,
738 409 944 465 PRAEFATIO

333 582 410 638 sunt¹
427 578 535 654 quibus
560 580 652 639 aliam
674 580 722 638 vel
746 579 906 638 ordinandi
927 580 976 638 vel
998 579 1213 655 pronuntiandi
1235 580 1284 638 rel
1308 579 1356 638 di·

333 668 507 746 stinguendi
537 671 686 729 rationem
717 671 877 743 memorat3
914 667 1060 728 accedunt
1090 670 1114 726 ii
1145 669 1254 744 quibus
1284 687 1353 727 eum

333 756 582 817 obtrectationem
602 756 809 836 Vergilianam
836 776 896 817 non
910 757 1012 816 'modo
1038 757 1189 834 cognitam
1211 756 1356 816 habuisse

332 846 384 906 sed
405 846 553 922 reliquam
577 847 612 906 de
636 866 671 905 ea
693 847 867 906 memoriam
898 849 1016 905 centum
1045 847 1174 922 amplius
1202 849 1355 921 quaestio·

332 935 419 995 nibus
448 938 565 995 auxisse
593 935 695 995 libello
723 954 789 994 meo
818 935 913 994 docui.
959 954 1019 1010 quo
1043 954 1114 1013 ergo
1136 937 1201 993 inre
1225 954 1293 994 eum
1317 956 1354 995 cx

331 1044 391 1084 uno
415 1017 662 1106 commentario¹)
685 1044 740 1084 sua
762 1026 898 1084 hausisse
921 1021 1109 1083 affirmatur?
1154 1026 1247 1083 immo
1270 1043 1354 1099 vero,

333 1116 453 1173 etiamsi
474 1113 552 1172 illud
575 1114 655 1190 quod
681 1117 709 1188 7,
724 1116 765 1172 49
791 1114 866 1172 dicit
884 1115 1114 1189 „persuaserunt
1137 1112 1194 1171 sibi
1213 1114 1353 1174 nonnulli

332 1221 367 1261 ac
389 1222 484 1279 paene
508 1199 636 1277 omnes“,
663 1205 696 1261 in
724 1221 783 1279 quc
814 1201 954 1261 diluendo
986 1201 1098 1260 multus
1131 1204 1177 1261 est
1203 1201 1354 1278 Hoppius,

331 1311 391 1350 non
420 1292 458 1350 ad
486 1294 589 1351 vivum
616 1291 810 1351 resecandum
839 1295 891 1350 aut
917 1291 1055 1367 putidius
1081 1290 1256 1351 instandum
1288 1309 1351 1350 esse

331 1382 420 1439 facile
449 1380 576 1441 concedo
605 1413 647 1431 -.-
675 1400 746 1439 nam
774 1384 852 1439 certe
880 1399 940 1439 non
967 1380 1148 1438 numeravit!
1176 1412 1221 1420 -
1250 1382 1283 1437 in
1315 1399 1353 1440 eo

330 1474 431 1530 tamen
454 1488 624 1544 persevero,
652 1472 934 1529 commentariorum
957 1472 1090 1528 veterum
1114 1488 1181 1527 eum
1203 1469 1353 1544 peritissi-

331 1579 413 1617 mum
441 1559 543 1618 fuisse.
589 1561 767 1634 contempsit
795 1559 1020 1636 grammatices,
1047 1561 1152 1634 utpote
1180 1560 1233 1632 qui
1256 1558 1351 1632 „nihil

331 1649 488 1708 conferant
519 1647 601 1724 quod
633 1647 750 1723 sapiat“
782 1666 912 1723 prooem.
940 1667 969 1723 p.
992 1651 1024 1721 1,
1057 1645 1109 1705 sed
1140 1647 1215 1724 legit
1247 1665 1351 1706 eorum

331 1737 608 1812 commentationes,
636 1737 661 1797 si
684 1756 744 1794 non
767 1755 883 1809 omneS,
907 1739 940 1794 at
962 1737 1088 1810 multas3
1111 1755 1171 1794 non
1194 1738 1356 1811 exscripsit

331 1826 591 1902 unamaliquam,
615 1825 666 1884 sed
690 1844 724 1883 ex
747 1826 884 1900 pluribus
908 1844 984 1900 quae
1004 1825 1094 1883 utilia
1111 1823 1240 1899 putabat
1257 1826 1355 1885 inter·

330 1916 495 1991 pretationi
523 1933 593 1973 suae
621 1916 755 1974 insemit.
801 1933 855 1972 nee
878 1914 976 1972 minus
999 1915 1096 1972 multa
1118 1913 1232 1972 Donati
1259 1914 1355 1973 lectio

330 2023 366 2063 ex
388 2003 505 2082 ingenti
527 2022 650 2062 numero
673 2004 808 2063 locorum
831 2022 847 2061 e
865 2003 1001 2081 Vergilio
1024 2004 1136 2078 passim
1160 2019 1195 2061 ac
1217 2002 1349 2077 plemm-

331 2112 390 2168 que
423 2111 552 2172 congrue
584 2092 766 2152 adscitorum
799 2095 890 2167 atque
922 2111 957 2150 ex
993 2092 1124 2166 plurima
1155 2091 1354 2168 VergiIIanae

331 2183 469 2243 dictionis
496 2185 666 2241 imitatione
694 2183 797 2241 elucet.
844 2200 913 2240 nam
943 2181 1023 2256 qudd
1050 2183 1082 2239 in
1106 2181 1233 2257 epistola
1256 2182 1353 2255 epilo-

330 2275 398 2351 gica
421 2274 562 2349 „cursim,
590 2274 702 2347 inquit,
732 2272 838 2347 scripsi
862 2271 1033 2345 relinquens
1056 2267 1213 2345 plurima“,
1236 2271 1353 2329 iniuria

328 2362 386 2420 hoo
413 2365 445 2419 in
473 2381 560 2422 suum
587 2379 675 2419 usum
697 2360 835 2435 Hoppius
859 2360 1013 2418 convertit.
1058 2360 1294 2435 praetermisisse
1318 2378 1352 2419 se

330 2452 468 2509 Donatus
500 2450 586 2525 dicit,
623 2452 658 2507 ut
689 2450 846 2525 sequentia
883 2448 1003 2523 docent,
1039 2468 1138 2506 rerum
1173 2448 1352 2523 plerumque

329 2541 617 2614 interpretationem,
640 2542 676 2598 ut
699 2557 783 2597 suam
807 2538 914 2596 saltem
937 2536 1095 2596 verborum
1118 2537 1349 2612 explicationem

330 2628 511 2703 absolveret3
548 2628 584 2686 de
612 2628 720 2686 studiis
749 2628 824 2701 suis,
849 2629 884 2684 ut
906 2628 951 2685 ita
975 2625 1086 2701 dicam,
1113 2627 1352 2701 praeparatoriis

330 2718 407 2775 nihil
430 2718 513 2792 dicit,
537 2735 606 2794 ergo
630 2735 667 2774 ne
690 2715 767 2773 illud
785 2715 907 2791 quidem
926 2715 1006 2792 quod
1023 2714 1161 2790 Hoppius
1181 2717 1351 2790 extorquet,

330 2824 360 2865 se
388 2809 420 2864 in
448 2806 495 2866 his
526 2824 633 2881 pamm
666 2805 841 2883 diligentem
873 2805 964 2863 fuisse
997 2806 1028 2862 et
1058 2804 1146 2862 unius
1178 2802 1350 2877 compendii

328 2895 458 2954 lectione
481 2896 662 2954 contentum.
700 2913 770 2952 nam
793 2893 846 2969 qui
868 2892 965 2951 filium
987 2895 1089 2952 monet
1106 2895 1150 2967 ut,
1168 2894 1227 2951 nisi
1245 2893 1350 2953 futura

329 2987 424 3061 patris
448 3003 539 3060 opera
561 2985 724 3042 instructus
747 2982 803 3041 hoc
825 2982 927 3040 labore
952 2981 1140 3056 supersedere
1163 2983 1267 3056 possit,
1295 3000 1347 3040 ve-

327 3077 425 3133 terum
458 3074 686 3132 commentarios
718 3072 801 3149 legat
833 3074 864 3130 et
896 3072 1062 3130 necessaria
1094 3072 1244 3148 vestigata
1278 3088 1347 3130 eon-

329 3163 426 3223 discat
453 3155 575 3244 (epilog.
599 3161 635 3219 cf.
659 3178 790 3235 prooem.
814 3180 843 3234 p.
864 3152 912 3238 2),
937 3161 964 3218 is
987 3160 1120 3235 profecto
1143 3160 1208 3234 ipse
1232 3177 1281 3218 eos
1305 3160 1348 3217 le-

329 3254 406 3329 gisse
437 3249 588 3326 putandus
621 3252 679 3323 est,
711 3267 772 3323 qua
799 3249 835 3306 de
862 3268 895 3307 re
922 3250 984 3306 iam
1011 3268 1038 3307 v.
1058 3248 1085 3305 d.
1105 3247 1228 3306 Hoeven
1253 3268 1282 3323 p.
1304 3250 1347 3307 38

328 3343 407 3399 reete
430 3340 583 3398 iudicavit.
629 3338 766 3413 Hoppius
790 3341 890 3396 autem
914 3337 1086 3412 „ostendere
1109 3354 1195 3413 posse
1219 3337 1279 3397 sibi
1303 3338 1348 3395 vi-

328 3430 416 3488 detur
438 3428 591 3486 Donatum
617 3427 674 3486 hoc
701 3427 766 3487 loco
795 3426 832 3485 de
860 3427 1080 3485 commentariis
1106 3425 1348 3503 magnificentius

401 3655 426 3720 1)
445 3652 520 3705 hunc
533 3650 663 3719 Hoppius
681 3650 766 3703 modo
781 3648 895 3715 „Servio
914 3647 1070 3717 pleniorem
1087 3650 1117 3701 et
1131 3648 1347 3718 copiosiorem“,

316 3722 659 3790 m0d0„eompendium“
675 3721 764 3775 fuisse
783 3720 866 3775 dicit:
887 3736 959 3789 quae
979 3720 1119 3789 quomodo
1138 3721 1213 3773 inter
1231 3736 1261 3774 se
1281 3736 1347 3775 eon·

292 3794 411 3851 emant
424 3808 487 3844 non
503 3792 656 3864 intellego.
