3250 4350
712 461 895 516 ARNEIDOS
912 463 926 516 I
1283 460 1326 527 53

306 634 357 691 tot
384 631 491 690 funera
516 633 614 708 passis
642 635 763 692 cunctus
791 631 829 690 ob
857 631 980 690 Italiam
1002 634 1150 690 terrarum
1177 630 1327 699 clauditur

307 719 404 798 orbis,
438 720 518 796 quod
550 720 588 779 ad
614 719 646 778 id
672 720 831 798 redigitur,
862 723 898 778 ut
923 739 978 780 nec
1005 719 1185 779 consistendi
1216 719 1327 778 alicubi

307 809 450 870 Troianis
476 812 609 886 potestas
637 809 677 869 sit
704 828 758 868 nee
781 809 821 868 ad
842 809 965 868 Italiam
986 794 1186 885 perveniendi
1232 812 1326 866 terra·

306 919 377 957 rum
410 898 558 958 clauditur
588 897 679 959 orbis.
716 918 784 958 cum
811 901 951 976 negatur,
982 899 1093 974 inquit,
1125 899 1219 957 totius
1247 896 1326 957 orbis

279 990 393 1052 eterra
415 1007 471 1048 nec
493 987 532 1047 ad
554 987 677 1047 Italiam
699 987 838 1046 veniendi
858 991 993 1063 potestas
1017 992 1075 1064 est,
1098 986 1171 1063 quid
1192 990 1327 1063 superest

306 1077 367 1136 nisi
396 1079 433 1136 ut
458 1076 490 1135 in
516 1076 654 1136 fluctibus
682 1095 799 1152 semper
826 1074 1036 1154 exagitentur?
1081 1081 1154 1135 certe
1179 1077 1247 1134 bino
1268 1076 1327 1134 Ro-

303 1183 414 1233 manos
441 1167 510 1224 olim
536 1167 715 1225 volventibus
738 1167 834 1233 onata
857 1166 925 1224 binc
945 1167 1009 1238 fore
1031 1167 1162 1224 docwree
1184 1169 1376 1224 reomense

304 1275 326 1314 o
350 1256 498 1328 sanguine
522 1255 627 1313 Teucri
650 1258 700 1328 qut
722 1271 813 1323 more,
837 1256 888 1327 qut
910 1259 1004 1313 terres
1027 1257 1107 1313 mant
1124 1256 1236 1313 dicione
1253 1258 1327 1312 teoc-

304 1349 373 1402 rent
387 1344 553 1417 pollicitus:
573 1344 713 1403 convenit
730 1364 798 1402 eum
817 1363 853 1402 ex
870 1343 928 1402 fide
946 1343 1056 1402 veteris
1074 1343 1223 1419 promissi,
1236 1342 1328 1400 immo

270 1455 292 1495 ro
308 1435 415 1508 potius
444 1435 584 1508 antiquae
611 1432 847 1509 pollicitationis.
892 1436 980 1508 turpe
1008 1437 1052 1492 est
1080 1433 1159 1490 enim
1189 1430 1328 1491 decedere

309 1522 348 1580 de
381 1521 454 1595 fide,
485 1522 692 1597 turpissimum
723 1521 818 1580 cuivis
850 1520 961 1580 dietam
992 1526 1108 1580 mutare
1141 1520 1328 1594 sententiam,

309 1614 428 1686 quanto
456 1611 552 1688 magis
580 1612 703 1670 deorum
727 1614 756 1669 et
778 1610 933 1668 hominum
955 1610 1033 1688 regi,
1060 1609 1113 1686 qui
1140 1629 1226 1669 omne
1251 1608 1329 1684 quod

308 1699 459 1775 loquitur,
482 1700 561 1775 quod
585 1699 711 1775 spondet
734 1699 900 1758 sententiae
922 1699 1050 1758 retinere
1073 1698 1180 1757 debeat
1204 1698 1330 1775 pondus,

310 1789 363 1847 vel
391 1788 522 1848 maxime
547 1791 580 1846 in
607 1807 643 1848 ea
671 1807 760 1848 eausa
787 1788 820 1846 in
846 1807 906 1864 qua
932 1787 1013 1846 filiae
1041 1793 1071 1846 et
1093 1788 1211 1863 nepotis
1232 1791 1330 1846 verte-

270 1900 295 1942 ιε
309 1877 404 1936 batur
422 1877 618 1936 commodum.
651 1877 785 1952 sequitur
803 1894 878 1950 qaue
892 1882 926 1945 te,
938 1881 1059 1950 portitor,
1073 1880 1214 1936 sonnatio
1226 1877 1329 1934 cedit?

309 1965 416 2043 posuit
437 1971 507 2042 post
529 1966 608 2044 regis
631 1985 740 2025 nomen
763 1966 855 2025 etiam
877 1966 988 2042 patris,
1014 1969 1049 2025 ut
1071 1968 1217 2043 appareat
1242 1965 1329 2023 illum

308 2054 468 2131 publicam
499 2054 709 2131 privatamque
741 2074 901 2131 personam
929 2048 1107 2114 retinentem
1136 2073 1196 2114 non
1223 2053 1329 2113 debere

311 2145 419 2221 aliqua
441 2143 584 2222 perfidiae
606 2144 827 2222 permutatione
848 2142 1009 2203 transduci.
1051 2144 1207 2205 ordinatur
1229 2146 1329 2203 autem

312 2253 419 2293 sensus
442 2234 500 2293 hoc
522 2235 623 2294 modo:
656 2237 736 2293 certe
758 2234 828 2293 hinc
850 2234 1001 2294 Romanos
1023 2232 1211 2293 volventibus
1235 2233 1329 2308 annia,

270 2344 296 2383 ro
312 2324 368 2400 qui
386 2342 480 2398 mare,
499 2322 551 2399 qui
568 2328 664 2382 terras
682 2327 822 2382 revocato
847 2342 865 2382 a
887 2324 1031 2401 sanguine
1049 2323 1156 2382 Teucri
1181 2322 1262 2381 omni
1285 2320 1329 2379 di-

312 2413 398 2472 eione
418 2415 564 2486 tenerent,
583 2412 657 2471 olim
674 2412 835 2488 pellicitus.
866 2416 1006 2471 revocato
1025 2432 1042 2470 a
1061 2412 1204 2489 sanguine
1223 2411 1329 2469 Teucri

313 2500 389 2576 ideo,
409 2500 552 2576 queniam
572 2502 683 2560 Teucer
700 2501 796 2564 Italus
813 2504 991 2577 pervenerat
1009 2501 1048 2559 ad
1066 2501 1188 2559 'hoium
1208 2499 1329 2574 eiusque

315 2590 463 2667 originem
491 2609 525 2649 eo
552 2590 718 2649 redituram
743 2580 898 2667 pollicitus¹
929 2591 1027 2649 fuerat
1053 2589 1196 2665 Iuppiter.
1242 2588 1328 2664 pelli·

316 2681 390 2738 citus
414 2678 527 2754 inquit3
550 2678 782 2756 pollicitationes
802 2679 881 2737 enim
899 2683 1001 2751 tenent
1014 2676 1192 2753 debitorem,
1211 2678 1330 2737 etiamsi

279 2768 392 2826 sanolit
415 2768 564 2845 exolvere,
593 2769 741 2843 promissa
763 2786 834 2827 vero
862 2769 894 2826 in
917 2767 1041 2827 arbitrio
1064 2770 1134 2826 sunt
1154 2768 1255 2843 posita
1277 2786 1328 2825 vo-

316 2855 403 2915 lentis
428 2856 477 2916 vel
500 2856 602 2916 inviti:
634 2858 759 2933 proinde
782 2858 932 2916 tractatur
954 2860 1059 2917 eontra
1080 2855 1329 2932 pollicitationem

317 2963 370 3003 non
404 2945 524 3003 debere¹
541 2947 722 3005 intervenire
749 2945 919 3022 perfidiam,
950 2946 999 3004 vel
1026 2945 1154 3003 maxime
1182 2945 1214 3003 in
1242 2965 1328 3021 prae-

319 3035 389 3093 senti
413 3052 504 3094 causa
526 3034 559 3102 in
582 3053 642 3110 qna
665 3054 793 3111 persona
811 3034 936 3094 deorum
953 3035 1032 3111 regis
1052 3036 1138 3107 esset,
1157 3036 1240 3093 euius
1259 3053 1326 3093 eon·

320 3121 452 3182 veniebat
474 3122 564 3181 fixam
588 3142 651 3189 esse
674 3123 862 3196 sententiam,
881 3142 918 3182 ne
936 3124 1015 3199 quod
1033 3127 1079 3182 est
1096 3125 1176 3182 inter
1193 3124 1327 3181 homines

296 3211 397 3288 ”turpe
428 3212 553 3288 aequius
580 3212 816 3288 reprehendatur
841 3212 873 3271 in
902 3230 936 3270 ee
960 3213 1012 3286 qui
1035 3213 1158 3271 deorum
1181 3216 1211 3271 et
1233 3212 1326 3270 homi-

323 3317 381 3358 num
400 3302 518 3360 teneret
540 3301 751 3377 principatum.
787 3301 916 3359 verbum.
935 3300 1028 3359 vertit
1050 3306 1202 3376 sumptum
1225 3304 1269 3360 est
1292 3320 1327 3357 ex

382 3494 397 3542 2
420 3489 495 3559 guod
518 3489 561 3545 ud,
578 3448 682 3547 td-aeb
698 3489 841 3546 obauditor
863 3489 937 3543 orbis
959 3505 1012 3542 om.
1037 3488 1063 3541 R
1090 3487 1155 3541 add.
1179 3486 1208 3539 in
1236 3502 1324 3555 marg.

326 3560 449 3613 secundus
468 3562 609 3615 corrector
627 3557 678 3629 (r')
733 3565 811 3613 4-e
831 3562 916 3614 totius
934 3561 1007 3614 orbis
1025 3566 1099 3613 terra
1117 3558 1169 3611 LR
1188 3556 1266 3610 edIt
1255 3563 1326 3611 totos

326 3630 383 3685 ebir
401 3638 538 3685 terrorem
556 3630 622 3685 edF.
703 3636 718 3684 9
738 3648 799 3685 eum
817 3631 869 3683 LR
888 3632 919 3684 id
937 3631 980 3687 ed
1065 3636 1097 3683 12
1117 3646 1194 3685 mane
1211 3627 1267 3683 ns
1284 3629 1331 3683 ed

326 3697 347 3751 iu
361 3704 452 3757 maai?
508 3706 541 3755 13
560 3702 636 3756 debet
654 3702 695 3756 ed
750 3706 785 3755 19
802 3708 916 3758 eote—
927 3708 958 3758 21
971 3704 1120 3776 pollicitae
1137 3705 1252 3760 temere
1267 3705 1347 3757 mut

327 3768 357 3824 es
441 3773 624 3825 sslmlm-
591 3774 766 3842 -ea'osqce
762 3790 844 3831 corru
794 3774 892 3905 rrupit
912 3777 956 3836 ed.
1054 3784 1090 3836 28
1112 3780 1236 3842 &crura
1250 3775 1314 3832 lili
1333 3780 1363 3829 et

315 3835 435 3890 bamam
450 3837 561 3899 odrdxrff‘.
635 3847 670 3895 31
691 3848 837 3905 onerati
889 3853 935 3911 ed.
959 3860 1061 3915 caet?
