3250 4350
680 432 864 489 sanamus
882 435 895 489 I
1252 435 1297 499 99

272 607 320 662 ita
351 603 548 663 artificiosum
583 607 627 662 est
661 606 752 680 atque
785 604 897 662 subtile
929 603 1120 661 latitudinem
1153 607 1300 664 materiae-

274 695 381 752 stricto
405 711 539 752 sermone
563 693 710 770 colligere.
751 695 856 767 rapina
878 694 919 752 ad
942 694 1088 766 temptam,
1110 696 1209 767 farno
1225 695 1299 767 pnl-

274 784 420 841 clnrrina
448 783 542 849 Dida,
569 785 686 840 incessit
711 800 823 855 acapna
849 785 988 841 incanam
1014 783 1139 855 stipante
1163 787 1294 842 catana:

274 872 346 929 dum
374 870 491 930 Aeneas
519 871 755 930 consideratione
786 872 973 946 picturarum
1004 873 1123 930 tenetur
1151 872 1292 948 intentae,

247 962 422 1036 sprocessit
445 962 550 1037 regina
572 960 676 1019 visura
699 962 796 1035 operis
820 960 966 1018 currentis
985 960 1130 1035 effectum,
1149 979 1294 1035 quaeres

275 1053 306 1106 et
329 1051 465 1107 animum
488 1049 606 1108 Aeneae
631 1053 661 1107 et
688 1049 823 1107 studium
851 1051 1059 1122 eommutavit3
1091 1069 1162 1108 nam
1191 1048 1294 1108 debuit

274 1141 448 1197 convertere
471 1157 588 1197 omnem
611 1138 810 1196 intentionem
832 1158 917 1198 suam
940 1139 979 1197 ad
997 1157 1032 1196 ea
1052 1157 1128 1213 quae
1147 1140 1293 1197 attulerat

272 1228 462 1302 procedentis
491 1229 614 1286 occasio.
661 1227 713 1287 sed
739 1229 837 1303 primo
866 1228 986 1302 conplet
1012 1229 1103 1303 poeta
1130 1228 1292 1302 processio-

273 1337 342 1374 nem
365 1316 502 1390 Didonis,
525 1319 597 1376 tunc
619 1316 698 1374 redit
726 1315 764 1375 ad
791 1316 909 1375 Aeneae
936 1319 1092 1375 tractatae.
1138 1319 1292 1394 processit,

236 1407 389 1480 reinquit,
416 1409 520 1483 regina
549 1405 587 1464 ad
613 1407 760 1481 templum
786 1424 898 1483 magna
924 1406 1065 1464 iuvenum
1089 1408 1221 1480 stipante
1243 1424 1291 1465 ca-

272 1497 367 1553 terva.
415 1494 523 1571 duplex
545 1494 725 1570 procedendi
747 1495 908 1554 necessitas
934 1495 1072 1567 feminae,
1094 1514 1141 1569 ne,
1165 1497 1191 1553 si
1214 1498 1292 1554 esset
1351 1492 1355 1525 3

273 1584 432 1660 superflua,
455 1585 503 1641 vel
526 1585 654 1642 maxime
677 1584 826 1642 formosae
849 1587 880 1641 et
903 1584 966 1642 eius
990 1603 1067 1659 quae
1090 1603 1157 1643 cum
1186 1585 1290 1642 multis

272 1673 346 1731 viris
373 1672 536 1747 incederet,
563 1675 748 1731 inveniretur
774 1672 974 1732 inverecunda
998 1692 1073 1748 quae
1095 1674 1184 1732 facile
1206 1674 1291 1732 nulla

273 1764 398 1838 cogente
426 1780 517 1820 causa
544 1761 671 1837 publicis
695 1780 757 1820 sese
782 1760 902 1820 offerret
924 1761 1104 1837 aspectibus:
1137 1763 1290 1836 processit,

234 1872 258 1910 15
271 1853 381 1926 inquit,
405 1850 443 1909 ad
465 1851 624 1926 templum:
656 1869 722 1910 ecce
744 1851 900 1927 religionis
924 1854 953 1909 et
975 1851 1176 1910 venerationis
1200 1869 1290 1910 causa

270 1940 430 2015 processit3
467 1943 498 1998 et
524 1942 641 2017 regina,
671 1939 749 1999 hanc
778 1941 858 1997 enim
885 1958 939 2014 pro
966 1943 1116 2014 potestate
1145 1940 1290 2016 tangebat

270 2027 394 2086 videndi
412 2031 443 2087 et
460 2028 666 2087 considerandi
684 2029 855 2103 necessitas,
869 2033 905 2087 ut
923 2032 1023 2088 nosset
1037 2033 1183 2105 quantum
1197 2047 1289 2105 opera

269 2118 379 2194 templi
401 2119 495 2194 ipsius
518 2119 703 2193 proficerent,
728 2117 808 2193 quod
826 2118 916 2193 plena
935 2120 1126 2178 veneratione
1146 2117 1288 2195 cupiebat

270 2227 335 2267 esse
358 2209 531 2283 perfectum.
570 2208 648 2266 hanc
671 2211 761 2284 poeta
784 2211 929 2283 conparat
946 2208 1061 2266 Dianae
1085 2210 1205 2283 eiusque
1228 2208 1288 2267 for·

228 2318 254 2357 re
268 2317 361 2371 mam,
384 2296 601 2372 verecundiam,
623 2314 721 2356 mores
748 2297 956 2372 iustitiamque
984 2297 1146 2355 conlaudat
1169 2299 1288 2356 Aeneae

268 2388 331 2444 iam
363 2389 554 2461 praestruens
585 2385 704 2445 laudem
736 2388 791 2462 qui
823 2386 860 2444 ab
893 2405 929 2444 ee
960 2387 1072 2460 suscipi
1098 2387 1229 2462 hospitio
1257 2389 1288 2445 et

268 2476 367 2533 amari
396 2477 579 2533 commeruit.
625 2477 721 2549 anatis
747 2477 780 2533 tn
803 2476 935 2533 inaratae
960 2477 1036 2547 ripis
1063 2478 1116 2533 ant
1136 2493 1194 2547 per
1215 2477 1287 2548 inpa

270 2564 379 2636 Cynthi
403 2568 512 2623 enaret
532 2565 638 2624 Diana
661 2565 770 2632 choros,
793 2582 883 2637 qnam
905 2565 982 2623 mitte
1005 2567 1118 2621 secatae
1145 2564 1213 2621 linc
1235 2568 1341 2621 attae

268 2671 323 2724 qne
350 2654 418 2711 tina
443 2654 643 2727 plenerantnr
667 2652 810 2722 Oreades·
840 2654 894 2712 illa
912 2654 1085 2726 pharetram
1107 2654 1166 2724 fat
1187 2669 1287 2711 nanae

226 2765 252 2803 es
265 2742 464 2814 aradnnsqne
486 2743 557 2801 deas
579 2744 772 2816 supereminet
793 2744 901 2810 arnna,
924 2742 1059 2800 Latonae
1081 2744 1200 2800 tacitam
1217 2759 1286 2814 per·

268 2835 411 2903 temptant
437 2832 550 2904 penalia
571 2835 686 2904 pectas:
716 2851 751 2889 ex
774 2832 928 2889 occasione
953 2831 1174 2905 cooperationis
1198 2833 1286 2890 istius

268 2921 416 2995 expressit
442 2922 533 2994 poeta
561 2938 651 2995 quam
677 2921 752 2978 laeti
779 2921 840 2977 sint
867 2923 1018 2995 parentes,
1047 2939 1114 2978 cum
1136 2923 1287 2997 prosperis

267 3008 454 3067 successibus
485 3010 557 3067 ferri
586 3008 717 3067 viderint
746 3008 855 3067 liberos
886 3027 962 3069 suos.
1009 3011 1079 3068 talis
1106 3015 1170 3068 erat
1195 3009 1285 3076 Dida,

342 3184 513 3231 4tcnerctnr
531 3178 574 3231 ed.
649 3180 819 3232 banrrentr's
836 3178 889 3230 La
908 3180 1045 3249 carpentis
1063 3180 1106 3232 ed.
1185 3184 1286 3232 9tnnc

267 3251 319 3303 LR
340 3250 439 3303 deinde
458 3249 501 3303 ed.
518 3250 522 3318 Ι
539 3255 687 3305 aanotarn
706 3250 749 3303 ed.
816 3254 849 3301 10
867 3251 997 3304 incanam
1016 3267 1068 3303 om.
1085 3250 1128 3305 ed.
1194 3255 1225 3302 11
1245 3250 1284 3315 fe·

266 3324 361 3375 nanae
379 3320 432 3372 La
450 3322 561 3390 rapinae
579 3321 623 3375 ed.
704 3327 736 3373 12
754 3321 877 3387 formasa
893 3321 938 3374 ed.
969 3324 973 3390 Ι
1007 3327 1032 3375 et
1050 3325 1109 3376 etas
1131 3338 1184 3374 om.
1205 3321 1247 3374 ed.

267 3400 302 3446 14
321 3394 419 3459 afferre
438 3391 490 3444 La
509 3408 577 3445 corr.
593 3392 635 3444 ed,
666 3395 670 3460 Ι
703 3393 814 3447 incessit
832 3392 874 3445 ed.
954 3397 987 3445 16
1005 3399 1037 3445 nt
1054 3395 1152 3463 rapina
1169 3391 1221 3444 LR
1240 3392 1283 3447 ed.

265 3472 291 3517 et
309 3482 333 3517 r.
348 3479 408 3516 noe.
466 3468 497 3516 17
517 3470 607 3517 nosset
620 3462 671 3515 La
689 3469 780 3517 noscet
797 3462 941 3518 LIIman.
960 3471 1080 3519 nosceret
1093 3464 1136 3517 ed.
1153 3466 1157 3532 Ι
1174 3480 1286 3532 opernm

266 3537 309 3589 ed.
389 3540 422 3588 18
441 3535 530 3603 ipsias
548 3551 601 3587 om.
617 3535 660 3588 ed.
691 3537 695 3602 Ι
723 3535 883 3602 perficerent
901 3535 944 3588 ed.
1017 3540 1051 3587 20
1069 3535 1215 3589 canalndat
1231 3533 1284 3586 La

265 3606 408 3661 coriclndr't
426 3622 440 3657 r
457 3604 502 3659 vel
520 3606 662 3660 redundat
678 3604 701 3658 τ’
715 3604 745 3658 in
764 3621 852 3675 marg.
867 3606 1036 3660 remeandat
1053 3606 1096 3659 ed.
1152 3610 1185 3657 21
1201 3622 1283 3674 prae-

263 3687 376 3734 strrnns
394 3676 447 3729 La
461 3677 692 3747 pactumad!
714 3677 763 3746 qni
780 3677 802 3730 L
822 3678 889 3747 qnia
907 3677 940 3734 a.
962 3680 967 3749 t
989 3678 1096 3750 suspici
1110 3676 1169 3732 us
1187 3678 1297 3745 aascipi

264 3749 408 3803 LIIman.
450 3748 613 3801 ntdaaLIt
625 3750 724 3803 dener,
763 3754 799 3805 26
814 3768 849 3807 aa
863 3753 1009 3811 occanere
1025 3748 1318 3825 conparationislilix.

259 3818 690 3883 compararanmoaaaaneed.
732 3828 768 3877 27
776 3828 902 3886 suntad.
945 3821 1331 3901 28fetttlrltprodncted.
