3250 4350
700 432 883 487 AENEIDOS
902 432 941 485 VI
1268 433 1332 497 557

316 605 351 660 ut
374 604 460 662 rivus
485 602 523 660 ad
546 604 657 661 inferos
680 620 820 680 pergeres
844 605 874 659 et
896 603 952 661 hoc
971 602 1070 678 ipsum
1089 601 1192 660 divino
1211 604 1333 660 numine

316 693 488 767 provenisse
498 710 557 749 non
569 694 669 767 potest
678 690 819 764 dubitari,
833 693 878 749 ita
890 694 920 748 et
931 691 987 749 hoc
1000 690 1080 766 quod
1091 692 1179 765 cupio
1189 693 1275 765 potes
1289 690 1334 748 in-

316 781 406 857 plere.
445 779 518 839 dicit
532 780 604 856 quid
618 780 694 839 velit
713 783 743 838 et
764 778 837 855 quid
856 780 1003 838 commodi
1022 799 1057 837 ex
1072 797 1106 837 eo
1121 781 1183 838 suis
1197 780 1334 854 partibus

316 871 412 945 possit
423 870 573 928 accedere:
586 869 624 928 da
633 869 767 928 dextram
781 870 899 928 misero.
928 868 1002 944 quid
1011 870 1076 926 tam
1085 870 1247 946 egregium,
1261 868 1334 944 quid

288 962 381 1019 ctam
399 958 477 1018 bono
496 959 561 1018 viro
580 960 757 1018 couveniens
773 977 864 1033 quam
881 959 984 1016 miseri
1000 956 1129 1016 hominis
1147 957 1335 1016 laborantem

317 1048 472 1107 sublevare
495 1045 670 1106 fortunam?
702 1051 733 1106 et
754 1050 855 1106 tecum
874 1065 921 1105 me
939 1047 1013 1106 tolle
1031 1066 1085 1122 per
1103 1045 1211 1105 undas:
1234 1047 1334 1105 nullus

316 1137 402 1195 labor
421 1139 474 1211 est,
491 1137 601 1212 inquit,
619 1135 799 1214 porrigendo
818 1136 959 1211 remedio,
976 1136 1050 1194 bene
1070 1135 1199 1194 faciendi
1218 1136 1334 1195 occasio

316 1229 437 1301 praesto
457 1228 509 1300 est,
533 1229 633 1284 tecum
655 1229 816 1300 transeam,
838 1228 938 1284 tecum
962 1224 1001 1283 ad
1023 1226 1105 1299 ripas
1125 1225 1201 1284 alias
1220 1227 1251 1283 et
1268 1225 1335 1284 loca

316 1315 485 1374 desiderata
508 1316 689 1389 perveniam.
726 1314 837 1374 dicitur
859 1316 920 1372 iam
943 1314 1080 1373 beneficii
1101 1313 1196 1390 ipsius
1219 1315 1335 1373 fructus

274 1426 302 1464 ιο
318 1408 348 1462 et
371 1403 572 1463 commodum:
603 1404 723 1464 sedibus
747 1408 781 1462 ut
805 1406 913 1463 saltem
935 1402 1062 1479 placidis
1089 1405 1134 1460 in
1149 1405 1245 1462 morte
1270 1407 1335 1478 qui·

317 1511 424 1568 escam,
447 1492 504 1552 hoc
527 1496 572 1551 est
594 1497 629 1552 ut
651 1495 683 1552 in
707 1497 802 1552 morte
831 1494 939 1552 saltem
966 1493 1086 1552 sedibus
1113 1492 1240 1567 placidis
1269 1495 1334 1567 qui·

317 1601 414 1642 escam
442 1584 495 1658 qui
522 1584 554 1641 in
581 1583 645 1641 vita
672 1585 755 1642 tutus
789 1601 852 1641 esse
884 1601 943 1640 non
976 1582 1071 1657 potui.
1121 1599 1187 1640 eece
1215 1584 1335 1657 aperuit

318 1671 390 1746 quid
417 1673 456 1731 sit
484 1672 565 1747 eripe
592 1691 640 1730 me
667 1673 728 1746 his,
758 1673 884 1745 invicte,
916 1670 1012 1731 malis.
1058 1670 1132 1729 tatia
1153 1672 1236 1744 fatas
1263 1675 1334 1738 erat,

317 1763 407 1832 coepit
429 1779 494 1819 eam
517 1762 591 1820 tatic
613 1766 708 1820 vates:
730 1779 799 1819 eum
820 1761 897 1819 talia
915 1759 1075 1818 Palinurus
1094 1759 1226 1834 dixisset,
1250 1763 1334 1819 vates

274 1870 301 1910 rc
318 1851 346 1908 ei
373 1851 429 1908 hoc
459 1849 547 1908 modo
576 1849 739 1925 respondit.
785 1849 914 1925 petierat
951 1850 1030 1906 enim
1057 1849 1175 1907 inlicita
1198 1869 1333 1925 quaeque

317 1942 416 1997 essent
443 1942 546 1997 contra
573 1939 737 1996 inferorum
766 1938 860 2015 leges,
890 1939 925 1995 ut
954 1938 1121 2012 insepultus
1150 1937 1236 1995 illam
1266 1956 1334 1997 con·

317 2027 470 2086 scanderet
487 2046 595 2085 navem
610 2047 700 2102 quam
718 2046 777 2085 non
796 2029 855 2087 nisi
873 2027 1008 2102 sepultos
1022 2027 1068 2085 fas
1086 2027 1152 2084 erat
1165 2045 1332 2105 congerere.

317 2136 382 2176 ecce
406 2118 490 2176 vates
515 2115 542 2175 ei
564 2116 737 2192 respondet,
765 2135 824 2176 non
847 2117 977 2196 Aeneas,
1005 2117 1074 2193 ipsa
1101 2117 1182 2175 enim
1208 2121 1335 2177 noverat

316 2208 480 2266 inferorum
498 2224 612 2265 morem
631 2207 661 2264 et
680 2204 824 2266 charonis
843 2206 918 2265 iura.
954 2207 1033 2266 aride
1050 2207 1129 2276 baec,
1148 2224 1164 2265 o
1183 2207 1333 2274 Pedicare,

275 2288 303 2356 ic
318 2298 369 2354 tibi
397 2300 457 2355 tam
483 2295 553 2354 dira
580 2296 705 2369 capide?
741 2296 832 2368 unde,
861 2297 917 2369 ait,
948 2296 1006 2354 tibi
1038 2298 1141 2355 exorta
1173 2299 1220 2355 est
1245 2297 1334 2355 istius

318 2385 423 2460 cupido
447 2384 588 2443 desiderii
609 2384 666 2443 hoc
690 2387 735 2443 est
758 2383 926 2460 cupiditas?
964 2386 1101 2459 quotiens
1125 2385 1203 2441 enim
1227 2385 1334 2459 cupido

317 2474 460 2532 feminino
491 2493 598 2550 genere
625 2475 748 2549 ponitur
774 2473 983 2549 cupiditatem,
1016 2492 1076 2531 non
1109 2475 1220 2531 amoris
1247 2473 1332 2531 deum

317 2562 475 2640 significat.
520 2562 620 2621 reddit
647 2564 675 2621 ei
701 2564 862 2638 rationem,
890 2566 926 2621 ut
954 2564 1030 2621 sciat
1056 2563 1218 2620 transitum
1247 2581 1334 2620 suum

316 2646 441 2711 infernis
471 2650 589 2729 legibus
619 2651 779 2727 prohiberi.
831 2656 862 2709 te
889 2652 1005 2726 cryptas
1036 2652 1208 2709 inhumatus
1239 2670 1334 2724 equas
1417 2650 1420 2655 '

274 2760 302 2801 as
318 2758 487 2814 aecneaque
514 2758 645 2799 socerina
668 2741 868 2799 Eumenidum
895 2742 1017 2814 aspicies
1039 2743 1172 2813 ripamve
1194 2741 1387 2799 intersecare

317 2830 432 2888 abibis?
472 2829 563 2904 unde,
596 2831 652 2903 ait,
684 2829 750 2887 fieri
777 2832 877 2906 potest
904 2833 938 2887 ut
964 2830 1110 2888 ulteriora
1137 2829 1240 2889 videas
1267 2830 1335 2889 loca

317 2919 423 2995 quite
446 2917 566 2978 adseres
589 2916 799 2977 inhumatum?
827 2922 881 2977 aut
900 2920 951 2994 qui
973 2918 1038 2976 fieri
1056 2921 1157 2994 potest
1174 2923 1210 2977 ut
1233 2939 1268 2977 ex
1286 2919 1333 2980 his

316 3007 392 3066 loeis
415 3008 545 3066 iniussus
564 3006 727 3067 abscedas?
758 3026 795 3065 ne
813 3008 895 3066 ultra
913 3026 1011 3083 speres
1031 3007 1146 3083 aliquid
1164 3008 1230 3067 fieri
1247 3027 1335 3083 posse

318 3098 423 3155 contra
446 3096 537 3154 semel
564 3096 651 3156 datas
678 3097 760 3175 leges
789 3100 818 3155 et
848 3099 1027 3155 sententiam
1057 3098 1158 3156 deum!
1195 3099 1260 3156 fata
1287 3099 1335 3156 hic

272 3207 302 3247 so
317 3185 395 3243 dixit
417 3184 584 3244 iudicatum
607 3185 692 3244 cuius
714 3185 841 3244 firmitas
865 3187 977 3244 moveri
1003 3205 1064 3245 non
1091 3190 1206 3263 posset:
1237 3186 1335 3246 deciae

316 3278 384 3349 fate
406 3274 492 3334 deam
510 3276 584 3345 flecti
606 3291 725 3348 sperare
742 3275 908 3348 precando:
935 3294 972 3332 ne
994 3276 1122 3336 ulterius
1146 3294 1246 3352 speres
1270 3293 1334 3333 sen·

326 3484 329 3490 ·
391 3467 483 3515 anon
536 3466 586 3515 test
604 3461 767 3515 dabitciiV
785 3462 811 3515 d.
827 3478 884 3515 noc
903 3461 978 3515 debet
995 3462 1038 3514 ed.
1094 3462 1240 3517 3dixitV
1254 3462 1297 3517 ed.

317 3532 470 3588 thomices
507 3574 512 3585 .
564 3534 733 3587 8aiias-ti
744 3533 905 3600 perveniam
918 3535 1024 3586 temere
1037 3534 1160 3587 muted.
1214 3539 1248 3589 1⁶
1262 3534 1335 3589 caim

315 3606 367 3659 boe
385 3603 411 3657 V
429 3604 455 3657 ei
472 3604 497 3657 t.
518 3603 560 3656 ed.
585 3604 589 3675 Ι
614 3621 752 3674 quaequae
770 3603 804 3657 V.
879 3608 912 3656 17
931 3604 1053 3673 sepultus
1071 3602 1097 3656 V
1115 3611 1168 3659 -toa
1186 3604 1250 3676 edi
1271 3622 1334 3660 eoa·

315 3691 379 3747 pere
396 3674 423 3728 V
441 3675 615 3731 conscendere
633 3675 676 3728 ed.
741 3680 774 3728 21
794 3676 913 3744 cupidas
930 3674 963 3729 V.
1026 3680 1061 3727 22
1080 3675 1183 3740 secatae
1199 3675 1339 3727 amere*

316 3747 451 3814 foemineo
471 3762 568 3817 pecare
591 3746 632 3799 ed.
663 3749 668 3817 t
701 3747 870 3818 cupiditatis
892 3746 940 3803 ed
1031 3751 1070 3800 aa
1093 3762 1132 3799 aa
1145 3744 1174 3795 V
1204 3757 1260 3793 cieo
1280 3739 1334 3789 en.

313 3822 350 3869 29
365 3818 515 3872 sententiaa
533 3817 576 3872 ed.
652 3824 686 3873 30
707 3820 874 3877 iudicatum
892 3821 980 3878 cuias
992 3818 1021 3873 V
1047 3830 1177 3887 quoram
1195 3811 1247 3862 ab·
