3250 4350
657 417 840 473 AENEIDOS
859 417 885 470 V
1213 418 1279 484 519

262 590 312 645 ost
333 587 389 645 hoc
412 588 544 646 oratoria
567 589 679 646 virtute
701 605 756 663 pro
780 604 906 662 persona
929 587 1064 661 diceritis,
1088 607 1165 663 quae
1183 588 1281 647 voluit

264 694 445 753 exaggerare
467 676 615 734 invidiam
637 677 724 749 facti,
752 679 787 734 ut
809 677 842 734 in
864 694 925 734 uno
947 675 1134 735 incensarum
1157 677 1280 736 navium

264 765 382 824 scelere,
396 764 493 823 multa
517 766 655 840 aperiret,
677 765 710 823 iu
732 766 853 823 tantum
876 767 911 823 ut
933 764 1173 842 inreligiosorum
1196 766 1280 826 nefas

263 855 415 912 incurrere
447 856 624 930 cogerentur
655 857 686 912 et
717 855 908 931 spargeretur
927 853 1065 912 'societas
1098 873 1187 936 aiam
1219 874 1280 914 una

230 941 413 1018 sperditae,
429 944 562 1002 civitatis
592 942 747 1002 calamitas
778 944 925 1001 iunxerat.
974 943 1090 1001 interea
1121 945 1193 1018 quia
1219 963 1280 1002 uon

264 1050 390 1109 magnus
413 1031 545 1090 invidiae
569 1032 671 1108 fragor
693 1049 756 1089 esse
778 1033 928 1106 potuerat,
951 1030 1030 1106 quod
1049 1031 1163 1092 civibus
1185 1032 1281 1092 iuncti

263 1119 385 1178 fueraut
408 1121 497 1195 cives,
518 1121 625 1178 relicta
646 1121 768 1179 ratione*
786 1138 981 1195 personarum
1000 1122 1044 1179 ait
1061 1122 1174 1198 ignotis
1192 1123 1280 1180 terris

263 1209 396 1283 relinqui
417 1210 522 1282 socios,
545 1209 625 1284 quod
649 1226 739 1287 grave
762 1208 923 1269 admodum
945 1209 1057 1268 crimen
1079 1212 1132 1284 est,
1154 1209 1280 1285 proinde

264 1316 325 1355 non
344 1297 545 1372 quaerendum
569 1315 632 1357 esse
655 1299 708 1372 qui
730 1297 810 1373 apud
833 1316 917 1374 quos,
940 1298 992 1357 sed
1014 1298 1066 1357 ubi
1083 1298 1281 1357 remanserint

218 1406 250 1447 so
264 1404 328 1444 esse
351 1387 548 1444 tractandum.
595 1405 666 1463 ergo
689 1404 788 1444 uuumv
809 1388 971 1462 arripimus
999 1406 1034 1444 ex
1061 1393 1189 1463 persona
1214 1407 1280 1463 per·

264 1476 426 1549 suadentis,
441 1477 507 1550 quis
522 1475 660 1551 prohibet
673 1493 774 1534 muros
787 1477 885 1535 iacere
899 1478 931 1534 et
943 1474 1014 1534 dare
1029 1476 1143 1535 civibus
1156 1474 1281 1536 urbem?

264 1563 394 1623 alterum
425 1584 459 1624 ex
489 1583 616 1641 persona
637 1564 767 1624 dolentis
792 1564 929 1638 Veneris,
953 1567 1047 1624 socios
1074 1566 1196 1643 ignotae
1224 1566 1280 1625 lin-

264 1672 355 1730 quere
378 1658 488 1728 terrae,
515 1674 552 1713 ne
581 1672 612 1713 se
640 1655 791 1712 contraria
812 1655 981 1730 inpugnant
1007 1654 1060 1712 ubi
1086 1657 1281 1714 novissimum

263 1745 366 1819 posuit
396 1742 475 1818 quod
503 1744 605 1820 potuit
631 1744 663 1801 in
691 1743 839 1818 querellas
866 1743 1019 1820 graviores
1046 1742 1161 1802 adduci.
1212 1762 1280 1803 oon-

218 1851 249 1892 rs
264 1833 366 1892 stabat
381 1832 501 1892 Siciliae
514 1835 610 1891 terras
625 1833 727 1902 fuisse,
740 1831 772 1890 in
786 1830 893 1907 quibus
903 1830 1025 1890 Acestes
1040 1833 1139 1892 fuerat
1158 1833 1280 1892 alienus.

264 1922 350 1980 veuit
372 1922 411 1980 ad
433 1938 580 1980 summam
604 1921 757 1996 petitionis
781 1939 860 1993 suae,
884 1922 928 1978 ait
950 1922 1030 1978 enim
1052 1922 1129 1994 qnod
1151 1927 1282 1995 superest

263 2026 324 2070 oro.
371 2011 457 2084 quasi
479 2029 573 2068 uuum
597 2012 675 2069 esset
700 2011 848 2085 petitura,
877 2027 937 2068 nou
965 2009 1108 2084 plurima,
1136 2011 1282 2088 singulari

263 2117 388 2156 numero
412 2098 594 2176 significavit
616 2098 689 2175 quid
710 2099 802 2157 vellet
827 2096 1009 2172 perindeque
1037 2098 1167 2157 ostendit
1190 2118 1281 2177 grave

264 2206 326 2246 non
350 2188 511 2264 essequod
532 2190 662 2264 peteret,
684 2190 789 2265 utpote
813 2186 894 2262 quod
916 2189 948 2245 iu
971 2206 1030 2246 uuo
1055 2191 1144 2261 esset,
1168 2208 1227 2248 uon
1249 2189 1280 2247 in

218 2296 250 2337 ao
263 2276 403 2353 plurimis
421 2278 565 2353 positum:
589 2276 655 2335 ideo
674 2276 750 2335 dixit
768 2276 850 2351 quod
863 2279 998 2353 superest
1012 2295 1072 2350 oro,
1096 2279 1167 2352 quie
1185 2281 1281 2336 traus-

264 2368 334 2426 acta
362 2366 460 2425 curari
487 2385 546 2424 non
574 2368 727 2442 poterant,
757 2365 841 2441 quod.
865 2369 1000 2440 superest
1027 2384 1097 2443 ergo
1128 2365 1208 2441 quod
1231 2367 1281 2424 iu·

263 2458 384 2532 tegrum
407 2459 452 2514 est
475 2459 506 2514 et
528 2457 627 2530 potest
649 2456 804 2530 praestari.
851 2455 925 2513 dicit
947 2456 1009 2513 iam
1032 2455 1106 2530 quid
1134 2457 1174 2513 sit
1201 2455 1282 2531 quod

264 2544 345 2603 effici
368 2543 513 2619 cupiebat.
559 2543 645 2603 liceat
666 2544 824 2603 dcre'tntc
841 2561 898 2617 per
916 2544 1014 2602 andos
1031 2544 1096 2603 aeta
1114 2546 1175 2612 tibi,
1199 2545 1284 2603 la'oeat

264 2634 446 2692 Laurentem
464 2634 604 2707 emanere
624 2633 779 2707 ileybrim:
800 2631 900 2707 lioeat,
919 2634 1028 2707 inquit
1045 2652 1101 2708 per.
1116 2652 1210 2710 regua
1227 2636 1283 2693 tua

218 2741 250 2781 aa
264 2725 348 2781 tutos
376 2722 481 2780 dehinc
508 2723 652 2798 navigare
676 2720 834 2795 Troiana,
863 2721 954 2780 liceat
981 2723 1083 2780 tenere
1104 2721 1227 2781 Italiam
1250 2724 1282 2792 iu

266 2860 480 2867 ..—....-—.—.....

339 2947 473 3011 aperiret
491 2944 543 2996 th
562 2950 706 3012 poneretr
728 2944 848 3013 aperiret
866 2944 909 2997 ed.
940 2946 945 3014 Ι
978 2945 1009 2997 in
1026 2945 1215 3017 religiosorum
1238 2945 1281 2999 ed.

263 3017 297 3068 in
321 3031 374 3067 om.
394 3015 438 3068 ed.
457 3016 530 3083 post.
554 3030 611 3069 uon
634 3015 726 3067 miuus
751 3014 872 3069 absurde
895 3014 940 3085 (of.
961 3031 1046 3084 supra
1068 3016 1178 3085 mearam
1200 3013 1282 3069 item-

262 3103 320 3154 que
341 3088 410 3155 728).
467 3092 628 3156 tpotneaat
644 3086 697 3140 ΕΒ
715 3101 736 3139 a
754 3101 817 3155 exp.
836 3086 940 3155 seipse
959 3087 1042 3141 velt.
1099 3093 1113 3141 7
1133 3093 1185 3142 ant
1202 3087 1223 3139 h
1238 3087 1281 3140 ed.

239 3164 297 3212 *at
315 3156 341 3209 R
358 3159 400 3211 ott
417 3176 438 3210 r.
499 3162 515 3211 8
534 3159 607 3227 qaod
625 3174 679 3211 om.
694 3157 747 3209 LR
760 3157 813 3224 ed.¹
824 3158 889 3211 add.
903 3174 926 3210 r.
981 3165 996 3211 9
1015 3159 1200 3227 quaerendam
1219 3174 1283 3221 oum

262 3229 433 3297 compendio
458 3229 534 3297 quod
557 3235 623 3284 eoaet
646 3227 805 3298 significare
829 3228 940 3282 videtur
961 3229 983 3281 L
1006 3246 1051 3297 qa.
1070 3235 1109 3284 eet
1126 3229 1151 3282 R
1170 3228 1218 3290 ed„
1238 3246 1281 3298 qa.

261 3316 397 3354 essenos.
429 3304 432 3369 Ι
467 3300 515 3369 qni
533 3300 554 3353 L
573 3298 642 3354 item
661 3317 695 3354 ex
713 3300 780 3368 qnia
801 3315 998 3369 perrasuram
1016 3299 1041 3352 a
1059 3302 1108 3368 qni
1125 3299 1167 3353 vel
1185 3299 1227 3354 ed.

265 3374 301 3425 10
320 3386 374 3425 esse
387 3371 564 3426 tractandam
577 3370 630 3424 LR
648 3378 687 3425 est
703 3377 736 3425 tr.
753 3371 795 3424 ed.
853 3376 885 3423 13
905 3372 1038 3439 inpapnet
1051 3370 1103 3423 LR
1117 3377 1174 3425 ent
1187 3388 1202 3423 r
1216 3371 1281 3442 edl

262 3443 318 3497 tibi
331 3441 385 3494 LR
403 3443 452 3495 abt
466 3442 509 3498 ed.
525 3442 570 3510 (cf.
582 3444 683 3512 eata).
743 3446 777 3495 14
792 3441 860 3511 qaid
874 3441 917 3495 ed.
932 3442 1005 3509 qnod
1018 3440 1061 3495 ed.
1072 3443 1144 3509 post.
1155 3467 1188 3486 =
1200 3442 1259 3497 ΒΕ.
1275 3445 1280 3513 Ι

261 3513 428 3568 constabant
446 3513 472 3566 R
491 3514 550 3567 -bat
565 3530 588 3567 r.
662 3513 806 3567 restoino
825 3518 851 3567 et
867 3513 914 3579 fas
931 3510 984 3564 La
1002 3512 1045 3566 ed.
1066 3513 1177 3567 Siciliae
1196 3519 1284 3567 arras

262 3582 330 3637 noa:
350 3584 399 3637 sed
418 3583 496 3637 locus
516 3584 606 3638 omnis
624 3584 716 3638 nti-
727 3584 837 3638 alienae
854 3582 936 3637 valde
956 3581 1090 3637 obscurus
1109 3586 1152 3637 eat
1170 3586 1198 3637 et
1219 3600 1283 3653 gra·

262 3655 327 3708 vior
345 3653 505 3724 corruptela
524 3654 702 3724 auspicanda.
759 3653 1137 3709 172cro121tunomredq
1181 3659 1213 3707 18
1232 3671 1285 3725 que

261 3725 480 3781 om.ltadd..r.
540 3731 574 3779 20
590 3726 718 3794 positam
736 3724 780 3780 ed.
841 3730 875 3778 22
894 3725 967 3795 arod
984 3726 1021 3780 sit
1038 3725 1063 3778 R
1082 3726 1187 3795 quidve.
1206 3744 1248 3780 r.·
1303 3740 1304 3743 ’

260 3803 300 3851 24
320 3796 447 3866 mabsam
464 3796 525 3850 LR.
817 3846 820 3850 ,
958 3841 961 3848 ,
1115 3842 1117 3846 .
