3250 4350
344 435 388 498 64
622 431 948 492 nonerrmseara.
968 431 1075 487 veae.

344 604 448 678 queret
476 606 505 660 et
532 603 614 662 fama
641 601 769 661 nominis
798 621 833 660 ac
859 601 1079 677 triumphorum
1107 602 1169 661 eius
1198 619 1293 677 usque
1318 598 1350 658 ed

343 691 458 751 caelum
485 692 669 767 perveniret*
686 691 892 766 dicereturque
919 691 1018 749 Iulius
1046 689 1156 750 Caesar
1186 691 1308 750 trahens
1335 706 1352 748 o

342 797 448 855 mapmo
467 779 624 839 demessum
641 798 745 840 momen
762 779 839 838 Icto.
871 779 904 838 in
920 783 1040 839 tantum
1058 782 1159 838 autem
1176 778 1354 838 domitunim

344 869 439 930 omnis
467 870 577 947 gentis,
604 872 639 927 ut
666 868 859 928 existentibus
886 868 1047 944 triumphis
1074 869 1138 928 eius
1164 887 1224 944 pax
1253 867 1353 927 debinc

291 965 343 1015 291
354 962 385 1018 et
411 957 482 1017 fides
509 962 655 1034 perpetua
681 961 876 1034 permaneret.
922 957 977 1017 hoc
1005 961 1050 1016 est
1076 957 1156 1033 quod
1179 957 1224 1016 ait
1252 975 1354 1031 aspero
1375 973 1393 1035 t¹

344 1053 405 1106 tum
427 1049 533 1121 positis
560 1049 705 1106 mitescent
730 1049 848 1107 soeculo
878 1048 972 1115 deliis,
1004 1065 1081 1106 cmm
1107 1047 1181 1120 fides
1208 1050 1235 1105 ct
1263 1047 1355 1113 Veste,

344 1137 435 1195 Remo
458 1155 524 1197 emm
546 1138 640 1210 fratre
664 1136 897 1211 detricesimo
920 1137 1045 1205 dobunt,
1071 1134 1171 1195 idest
1194 1135 1278 1213 leges
1300 1135 1355 1194 Ro-

343 1225 418 1284 muli
445 1225 656 1302 perdurabunt.
703 1227 786 1285 dirce
813 1228 892 1299 ferro
920 1230 947 1284 et
972 1226 1157 1298 compopibus
1182 1227 1258 1284 ortis
1280 1226 1357 1283 ciam

294 1317 461 1374 sacceam
483 1314 550 1373 belii
566 1319 681 1388 portae,
704 1317 790 1388 furor
812 1316 912 1388 impius
933 1316 1013 1373 ictos
1030 1331 1124 1373 -soeoc
1145 1315 1249 1373 scdmes
1272 1331 1358 1388 super

345 1421 431 1463 ormo
459 1408 485 1462 et
511 1408 624 1462 cemma
650 1405 764 1462 emotus
791 1405 873 1462 aenis
898 1408 967 1476 post
997 1408 1109 1477 terpum
1139 1404 1225 1461 nodis
1257 1404 1360 1476 fremet
1370 1418 1388 1460 u

344 1493 481 1552 horridus
509 1509 558 1567 ore
585 1497 715 1551 cruento:
747 1511 866 1552 cessura
891 1494 992 1550 onmia
1014 1492 1095 1550 mala
1117 1492 1264 1551 felicitate
1287 1490 1358 1551 Cae·

346 1583 420 1641 seris
443 1581 528 1657 dixit,
544 1581 681 1641 furorem
705 1581 818 1640 scilicet
840 1583 1108 1656 necessitatemque
1129 1579 1271 1640 bellandi.

411 1670 612 1730 Promissione
634 1671 803 1729 futurorum
826 1670 960 1746 exposita
976 1668 1129 1746 provideri
1147 1671 1293 1730 securitas
1312 1669 1359 1728 de·

345 1759 424 1832 buit,
457 1779 495 1818 ne
528 1759 668 1837 naufragi
702 1761 734 1818 in
764 1760 870 1819 alienis
899 1760 988 1818 terris
1018 1762 1047 1816 et
1078 1758 1239 1837 incognitis
1271 1761 1360 1835 atque

345 1849 438 1906 iniis
460 1850 494 1907 in
516 1847 623 1923 quibus
647 1852 796 1908 constaret
820 1848 971 1907 inimicam
993 1848 1139 1906 Iunonem
1164 1849 1390 1907 vehementis-s

347 1938 420 1997 sime
452 1937 511 1997 ooli
543 1938 674 2012 aliquam
708 1937 884 1997 violentiam
914 1939 1095 2012 peterentur.
1140 1937 1217 1995 banc
1244 1941 1361 2013 purtem

347 2026 453 2101 incipit
483 2027 537 2084 sic:
573 2027 643 2085 baec
672 2028 715 2085 oit
743 2032 769 2086 ct
797 2028 888 2086 Moto
918 2027 1048 2099 genitum
1077 2026 1198 2085 demittit
1225 2027 1264 2084 ab
1295 2027 1360 2084 aito.

347 2117 525 2191 procuratur
543 2114 680 2175 Troianis
704 2115 846 2176 securitas
870 2134 923 2192 per
945 2114 1027 2191 duos,
1047 2133 1174 2191 quorum
1192 2113 1271 2174 alter
1289 2133 1360 2175 avus

349 2209 436 2278 esset,
455 2206 532 2264 alter
552 2204 670 2280 adfinis3
693 2224 764 2263 nam
782 2205 864 2263 Maia
882 2205 1011 2263 Mercuri
1028 2208 1132 2278 meter,
1152 2205 1238 2262 utin
1256 2209 1360 2263 octavo

348 2293 424 2352 libro
449 2286 543 2374 (138)
567 2296 698 2369 apertius
722 2294 835 2353 dictum
858 2298 911 2368 est,
930 2295 1125 2352 Troianorum
1145 2295 1248 2371 generi
1266 2298 1392 2352 necte-a

347 2382 444 2440 batur.
491 2381 593 2441 debuit
615 2402 685 2461 ergo
710 2384 748 2441 ad
771 2384 891 2442 effectus
914 2382 1070 2458 inplendos
1097 2382 1168 2441 talis
1193 2384 1276 2441 mitti
1298 2402 1361 2458 per·

348 2490 421 2530 sona
441 2490 515 2546 quae
534 2476 760 2547 praeceptorum
779 2474 989 2531 auctoritatem
1007 2471 1120 2546 duplici
1137 2473 1254 2530 ratione
1275 2471 1362 2530 ducta

348 2561 472 2618 celerius
500 2564 664 2619 maturaret
692 2561 808 2619 alarum
835 2561 883 2619 vel
910 2561 1039 2618 maxime
1066 2563 1189 2619 iuvante
1221 2560 1361 2619 subsidio.

349 2650 533 2707 subnectitur
547 2649 653 2709 dehinc
672 2669 762 2709 causa
780 2650 920 2708 mittendi
939 2654 969 2708 et
987 2648 1121 2709 definitio
1140 2650 1362 2709 mandatorum:

348 2743 381 2796 ct
407 2743 502 2796 terroe
528 2743 615 2810 mtqeee
641 2756 734 2798 mooe
756 2743 879 2812 pateam
909 2738 1096 2812 Ooitbopieis
1127 2755 1209 2797 orces
1241 2738 1394 2815 hospitiou

351 2828 477 2885 Teucris.
532 2846 624 2887 novas
661 2846 742 2887 arces
774 2828 842 2886 ideo
874 2829 987 2902 posuit,
1025 2829 1096 2902 quie
1128 2827 1248 2886 novitas
1280 2826 1363 2905 regni

349 2920 456 2974 cuncta
482 2920 581 2990 potest
608 2917 715 2975 hebere
744 2920 894 2992 suspecta,
926 2922 960 2974 ut
987 2918 1051 2991 ipse
1079 2916 1230 2993 Vergilius
1258 2916 1304 2975 ait
1331 2934 1363 2974 ex

348 3024 474 3080 persona
493 3004 618 3064 Didonis
638 2997 732 3086 (563)
752 3024 817 3079 „res
840 3006 915 3063 dura
934 3008 964 3063 et
982 3005 1067 3081 regni
1085 2998 1204 3063 novitas
1223 3025 1271 3063 me
1290 3004 1364 3064 talia

350 3099 459 3171 cogunt
487 3094 585 3153 moliri
614 3098 644 3152 et
670 3095 731 3152 late
759 3094 832 3153 fines
860 3094 980 3153 custode
1011 3092 1116 3152 tueri“.
1162 3095 1235 3152 item
1267 3096 1364 3169 potest

350 3182 485 3260 intellegi
521 3187 549 3241 et
586 3183 642 3243 hoc
677 3183 779 3257 modo,
815 3187 849 3241 ut
885 3188 982 3241 terrae
1015 3182 1205 3260 Carthaginis
1243 3186 1396 3259 pateantso

349 3273 480 3346 hospitio
513 3272 633 3331 Teucris
668 3277 697 3331 et
732 3275 850 3331 novitas
886 3273 1118 3347 inperfectorum
1155 3271 1363 3331 aedificiorum.

351 3361 430 3418 solus
459 3361 537 3417 enim
566 3360 679 3420 efficere
703 3361 840 3437 Iuppiter
865 3362 1002 3420 ministro
1031 3361 1176 3419 Mercurio
1204 3363 1307 3437 potuit
1332 3364 1364 3418 ut

423 3536 438 3583 2
458 3531 489 3583 i·
505 3532 592 3584 iulius
610 3530 631 3583 L
650 3532 737 3585 iulius
755 3532 781 3584 a
798 3533 823 3584 is
841 3538 880 3585 est
898 3531 941 3584 ed.
1039 3536 1054 3584 3
1073 3532 1250 3585 domotmmm
1269 3532 1312 3585 ed.

351 3607 367 3654 4
386 3603 474 3671 geretis
492 3618 544 3654 om.
565 3602 607 3655 ed.
691 3607 724 3655 10
743 3605 835 3656 aeneis
853 3601 905 3654 LR
984 3608 1014 3654 11
1034 3598 1165 3667 felicitati
1187 3601 1208 3654 L
1229 3600 1364 3657 -totemlt

351 3674 416 3726 -eatt
434 3691 447 3724 r
466 3680 532 3726 -tetc
551 3673 593 3726 ed.
669 3679 700 3727 lc
721 3676 752 3727 im
771 3676 807 3727 iis
826 3690 878 3727 om.
899 3674 941 3726 ed.
1023 3679 1055 3726 17
1075 3690 1157 3742 mapa
1175 3673 1200 3726 R
1220 3690 1291 3727 corr.
1309 3691 1331 3727 r.
1357 3673 1360 3742 ς
1418 3704 1420 3711 ·

351 3745 465 3798 dimittit
483 3744 535 3796 LR
557 3746 705 3799 deoiittitr
732 3746 841 3799 demisit
858 3744 901 3800 ed.
995 3749 1027 3797 18
1046 3745 1115 3798 duos
1133 3743 1186 3797 LR
1208 3745 1273 3800 deos
1290 3763 1312 3798 r.
1419 3745 1420 3752 ’

352 3821 385 3867 27
405 3822 528 3883 suscepto
547 3816 598 3867 LR
617 3832 684 3870 corr.
703 3834 724 3869 r.
799 3822 833 3869 32
852 3818 924 3870 enim
943 3815 995 3868 LR
1014 3823 1104 3869 autem
1123 3816 1167 3869 ed.
