3250 4350
679 445 884 506 PRAEFATIO
1213 443 1288 505 XLV

269 623 424 696 10‚1eo.
458 622 531 679 227.
564 620 629 679 890
664 622 718 678 aut
748 622 794 678 ita
824 620 935 693 reddit,
968 622 1005 678 ut
1040 619 1286 694 interpretatione

268 710 381 768 hausta
409 708 568 768 videantur
595 710 631 768 of.
658 712 686 783 1,
705 709 778 767 304.
808 708 838 782 5,
859 709 1042 767 164—170.
1089 709 1195 783 quodsi
1226 712 1286 767 sta·

271 800 419 858 tuerimns
443 798 596 857 Donatum
623 800 745 873 propter
770 798 924 877 ingentem
950 796 1098 857 scribendi
1123 798 1233 857 molem
1254 799 1287 857 in

273 888 422 947 lemmatis
442 887 481 946 ad
499 888 673 962 compendia
692 890 723 946 et
740 887 899 947 verborum
916 889 946 945 et
959 905 1097 945 versuum
1113 887 1287 964 confugisse,

273 996 342 1035 eum
364 979 466 1036 antem
489 978 541 1052 qui
565 976 670 1035 edendi
694 977 873 1053 autographi
895 995 996 1035 euram
1020 977 1197 1050 suscepisset
1219 992 1287 1051 sup·

273 1065 383 1142 plenda
403 1084 438 1124 ex
457 1066 558 1141 aliquo
572 1065 701 1143 Vergilii
720 1065 882 1141 exemplari
900 1067 1043 1123 lemmata
1060 1064 1183 1122 librario
1204 1083 1287 1122 man-

273 1154 370 1229 dasse,
394 1157 425 1213 et
448 1155 578 1214 defectus
601 1155 765 1213 multorum
787 1155 960 1213 lemmatum
980 1157 1010 1212 et
1028 1154 1167 1227 frequens
1186 1172 1288 1211 eorum

273 1261 342 1302 oum
364 1243 663 1319 interpretationibus
686 1243 831 1303 dissensio
853 1243 941 1302 faeile
964 1242 1171 1318 explicabitur.
1212 1243 1288 1301 eins-

272 1332 356 1393 modi
384 1335 463 1392 enim
492 1334 524 1391 in
550 1333 670 1391 homine
698 1332 778 1390 omni
806 1334 908 1410 generi
935 1333 1069 1390 incuriae
1094 1332 1176 1390 loeus
1199 1330 1289 1389 datur

271 1423 456 1494 latissimus,
482 1424 517 1480 ut
545 1439 612 1480 eum
639 1423 669 1479 et
695 1423 929 1497 praetermisisse
956 1420 1101 1495 explenda
1129 1422 1159 1477 et
1181 1419 1288 1478 disere·

271 1513 381 1587 pantia
404 1511 569 1588 neglexisse
591 1510 672 1569 eredi
694 1512 796 1585 possit.
834 1513 938 1568 notum
961 1511 1007 1568 est
1028 1508 1181 1568 levissima
1199 1527 1288 1584 quae-

272 1619 331 1675 que
360 1599 473 1658 indicia
500 1601 532 1657 in
560 1602 624 1658 arte
652 1600 756 1658 oritiea
783 1618 961 1676 magnarum
988 1617 1087 1656 rerum
1112 1601 1289 1676 argumenta

272 1687 418 1763 praebere
440 1705 535 1764 posse.
571 1689 642 1747 talis
665 1689 698 1746 in
720 1688 776 1747 hae
795 1690 968 1763 quaestione
986 1687 1069 1746 loeus
1089 1690 1134 1746 est
1155 1688 1289 1761 11,369,

275 1777 327 1835 nbi
355 1796 411 1854 pro
439 1770 606 1852 ‚,eonoipis“
632 1778 664 1835 in
692 1777 719 1831 V
748 1778 891 1852 seriptum
924 1780 970 1836 est
996 1775 1209 1852 ,‚eoneipisset“
1238 1776 1288 1835 ad·

275 1869 395 1943 sumpto
419 1866 559 1926 videlieet
581 1865 646 1941 „et‘
670 1885 705 1924 ex
728 1866 867 1924 lemmate
891 1866 971 1940 quod
993 1867 1118 1924 inferius
1146 1866 1288 1939 sequitur.

273 1956 330 2015 hoe
354 1958 435 2015 certe
456 1974 511 2014 neo
529 1954 658 2028 Donato,
680 1955 739 2013 nisi
761 1974 881 2030 prorsus
904 1954 1035 2012 elleboro
1058 1954 1165 2031 dignus
1190 1955 1289 2012 existi—

272 2047 388 2119 metur,
419 2045 566 2120 imputari
597 2046 696 2120 potest
727 2062 780 2102 nee
812 2043 934 2102 librario
967 2043 1058 2101 medii
1091 2045 1169 2117 aevi,
1202 2061 1290 2118 quem

272 2133 415 2209 operaria
446 2132 601 2193 detentum
632 2134 782 2208 scriptura
807 2132 888 2193 ultra
917 2131 1195 2208 interpretationem
1222 2132 1289 2191 sub·

273 2224 449 2299 sequentem
467 2225 635 2299 proximum
653 2223 762 2281 lemma
776 2223 961 2299 prospexisse
979 2222 1140 2280 verisimile
1159 2240 1218 2279 non
1237 2224 1289 2281 est.

272 2315 308 2371 at
330 2310 473 2371 librarius
496 2312 651 2388 antiquus,
675 2312 722 2369 eui
745 2310 776 2368 id
799 2312 928 2370 muneris
952 2311 1123 2388 obtigisset,
1148 2313 1183 2368 ut
1206 2313 1290 2369 auto-

272 2400 387 2478 graphi
418 2400 593 2476 eompendia
625 2400 785 2460 seeundum
823 2402 972 2477 exemplar
1003 2400 1210 2477 Vergilianum
1243 2419 1290 2456 er-

271 2489 383 2565 pleret,
405 2490 493 2549 faoile
516 2490 664 2565 „ooneipis
688 2488 735 2548 et“
758 2508 813 2564 pro
836 2509 895 2548 uno
918 2489 1008 2548 verbo
1032 2489 1129 2566 legere
1152 2493 1182 2546 et
1206 2506 1290 2562 „oon-

271 2576 417 2653 eipisset“
436 2579 563 2638 seribere
581 2580 690 2655 potuit,
709 2581 743 2636 ut
761 2577 892 2653 „eeoipi“
910 2598 964 2654 pro
980 2576 1116 2654 „aeeepi“
1131 2580 1161 2635 et
1180 2577 1291 2635 similia

270 2686 367 2741 saepe
393 2667 594 2725 inveniuntur.
641 2666 742 2726 eodem
771 2668 858 2724 modo
886 2668 1027 2742 „omisere
1056 2662 1149 2741 quas“
1177 2666 1209 2724 in
1233 2666 1291 2723 LR

272 2758 306 2829 5,
327 2757 393 2814 622
418 2759 448 2814 et
470 2755 714 2831 ‚‚extruotosque“
743 2758 813 2832 post
835 2756 984 2831 „querno“
1012 2758 1043 2813 in
1066 2756 1094 2811 V
1121 2758 1171 2828 11,
1191 2757 1232 2814 65
1262 2758 1292 2813 et

270 2845 339 2905 alia
366 2846 519 2920 irrepsisse
547 2846 693 2904 videntur.
739 2843 816 2903 illud
843 2863 960 2919 quoque
987 2863 1106 2919 moneo,
1133 2843 1291 2903 verborum

267 2932 500 2995 scribendorum
526 2936 672 2992 rationem
700 2952 923 3008 nonnumquam
952 2933 1041 2991 aliam
1070 2952 1132 2992 esse
1160 2933 1192 2989 in
1219 2933 1292 2990 lem-

268 3022 369 3082 matis
392 3026 481 3097 atque
504 3023 536 3080 in
558 3022 863 3098 interpretationibus,
886 3023 969 3080 velut
991 3020 1318 3081 bracehium—bra·-

267 3113 391 3186 ohium,
420 3112 553 3170 eominus
569 3144 609 3151 —
626 3113 802 3184 comminus,
830 3112 947 3169 humeri
961 3144 1003 3150 -
1018 3114 1126 3184 umeri,
1150 3111 1292 3187 pharetra

266 3192 453 3274 —faret'ra
477 3203 754 3276 sumai—sumpsi,
776 3202 1045 3275 tento-tempto.
1069 3232 1109 3240 -
1135 3200 1291 3259 Lemmata

266 3289 431 3351 inclinatis
454 3290 564 3349 litteris
587 3289 785 3365 imprimenda
809 3289 923 3364 ourevi3
949 3289 1001 3347 nbi
1024 3292 1077 3346 aut
1098 3290 1215 3365 integra
1238 3290 1292 3346 aut

266 3382 379 3457 partes
403 3396 503 3438 eorum
526 3380 675 3437 iterantur
697 3397 754 3435 non
780 3377 911 3437 distinxi.
953 3378 1033 3435 loros
1057 3395 1131 3452 quos
1155 3377 1291 3435 Donatus

266 3492 287 3531 e
307 3467 447 3545 Vergilio
472 3468 597 3543 aliisque
622 3468 748 3525 advocat
771 3468 866 3543 signis
889 3467 1000 3525 notavi.
1046 3485 1106 3524 non
1129 3484 1232 3524 vereor
1254 3486 1290 3523 ne

266 3560 345 3635 quis
378 3575 425 3615 me
458 3556 570 3616 Donati
601 3558 862 3631 interpretationes
896 3555 1074 3613 scholiorum
1107 3555 1139 3611 in
1171 3554 1291 3612 modum

264 3647 446 3709 intervallis
469 3646 633 3722 discerpere
656 3644 790 3704 debuisse
813 3648 908 3720 putet.
955 3663 1050 3722 neque
1073 3645 1156 3703 enim
1181 3642 1301 3703 sebolia

265 3736 406 3799 seribere
428 3736 534 3806 voluit,
556 3734 609 3792 sed
628 3734 910 3809 interpretationem
935 3737 1136 3815 continuam,
1162 3736 1261 3815 idque
1285 3738 1319 3792 et

258 3823 415 3891 maternis,
436 3824 580 3891 utsupra
600 3826 775 3900 memoravi,
798 3846 869 3888 oum
895 3831 1230 3914 interpretationibus
1249 3828 1336 3886 lein-

1394 3893 1407 3982 t
