3250 4350
705 452 889 508 AENEIDOS
907 453 946 506 111
1272 454 1336 519 341

318 639 354 678 eo
374 621 459 694 prior
472 622 580 682 ,nostra
598 620 717 680 firmata
736 621 865 697 suspicio
885 623 938 694 cst,
957 621 1039 696 quia,
1053 641 1121 681 cum
1139 641 1194 682 nos
1209 623 1338 684 Troiano

318 711 406 768 cultu
429 712 459 769 et
481 728 632 769 armorum
654 711 765 770 indicio
790 712 986 787 cognovisset,
1009 712 1132 770 territus
1158 713 1339 772 conscientia

316 798 457 860 substitit
479 799 643 874 paululum.
688 799 754 872 sed,
777 799 830 857 ubi
852 802 966 858 metum
988 800 1050 858 cius
1073 802 1234 859 necessitas
1256 802 1338 876 vicit,

317 907 389 947 mox
416 906 479 948 sese
507 887 546 946 ad
572 888 664 948 litora
691 905 832 964 praeceps
856 907 923 946 cum
945 889 1018 946 fietu
1041 889 1235 965 precibusque
1258 890 1338 949 tulit.

286 993 463 1054 spraeceps
485 977 542 1036 hoc
565 980 611 1036 cst
632 978 713 1036 ultra
731 976 856 1036 modum
880 978 1025 1036 festinans
1048 979 1078 1036 et
1100 979 1177 1036 nihil
1194 981 1338 1053 metuens,

318 1085 357 1124 ne
382 1066 561 1126 desiderium
585 1068 648 1126 eius
672 1085 774 1126 cursus
797 1067 920 1125 navium
942 1066 1138 1141 praeveniret.
1175 1086 1243 1126 cum
1264 1066 1338 1128 fietu

318 1154 515 1232 precibusque
544 1174 575 1215 se
601 1155 674 1214 tulit
702 1156 741 1214 ad
767 1155 859 1213 litora
887 1157 977 1230 atque
1003 1155 1090 1232 haec,
1115 1175 1182 1216 cum
1209 1160 1337 1234 rogaret,

318 1244 410 1303 dixit:
428 1262 485 1318 per
505 1245 606 1303 sidera
628 1248 722 1312 testor,
740 1263 798 1317 per
820 1261 940 1317 superos
962 1248 1048 1317 atque
1069 1246 1122 1305 boc
1140 1247 1213 1304 coeli
1230 1247 1390 1318 spira-600

319 1334 378 1394 bite
401 1335 506 1403 luccen,
523 1335 618 1393 ,tollite
639 1352 693 1402 mc,
720 1335 838 1401 leucri,
861 1351 1057 1407 quassataque
1079 1335 1213 1394 obducto
1235 1338 1338 1394 terras.

273 1438 303 1478 ro
319 1441 389 1482 curn
412 1422 499 1500 longe
518 1425 603 1498 essct,
622 1425 708 1500 gestu
727 1423 859 1497 corporis
878 1441 910 1481 sc
927 1424 1093 1498 supplicem
1112 1424 1338 1498 demonstravit,

319 1515 353 1571 at
376 1530 456 1587 vero,
479 1511 531 1572 ubi
554 1511 593 1571 ad
615 1512 688 1571 litus
711 1513 855 1586 pervenit,
880 1511 996 1570 addidit
1018 1531 1120 1586 preces
1142 1516 1173 1572 et
1190 1513 1338 1587 lacrimas,

318 1600 440 1677 quando
464 1599 558 1660 videri
581 1603 701 1676 poterat
724 1603 754 1658 et
776 1599 883 1658 audiri.
928 1601 980 1660 boc
1001 1605 1049 1659 sot
1071 1605 1140 1661 erit:
1165 1601 1338 1677 abundabit,

318 1692 433 1766 inquit,
460 1691 537 1749 mihi
564 1689 601 1749 ad
624 1691 782 1764 solacium,
808 1691 835 1749 si
857 1707 925 1748 cum
947 1689 1117 1750 hominibus
1139 1691 1233 1750 fuero.
1279 1693 1338 1751 scio

317 1797 365 1838 me
382 1779 503 1838 Daorsis
522 1797 537 1837 e
554 1778 696 1838 classibus
718 1797 811 1838 cnunc
836 1783 862 1838 ct
884 1779 955 1838 cetto
972 1779 1084 1838 Iliacos
1106 1781 1201 1853 fateor
1219 1781 1339 1853 petiisse

274 1883 302 1924 rs
313 1870 444 1941 peccas,
462 1884 520 1940 pro
543 1885 608 1941 qco,
631 1870 658 1927 si
681 1869 795 1928 sceleris
818 1871 901 1927 tacto
924 1872 966 1927 cst
986 1869 1101 1927 iniuria
1122 1871 1223 1936 nosti,
1241 1873 1389 1943 spor-605

318 1959 376 2031 pite
398 1975 444 2016 mc
462 1958 498 2015 ‚iic
520 1958 626 2028 flacus
648 1961 785 2030 castoque
807 1958 959 2031 inmergite
975 1960 1074 2031 ponto.
1120 1960 1148 2018 si
1164 1975 1267 2031 perca,
1289 1959 1338 2018 bo·

317 2048 434 2104 taicum
455 2045 593 2106 manibus
611 2049 736 2119 periisse
758 2047 885 2105 iuvabit:
907 2046 987 2106 ultro
1011 2046 1162 2107 confessus
1183 2049 1228 2107 cst
1246 2049 1338 2124 origi·

318 2155 389 2195 nem
426 2153 512 2195 suam
548 2154 643 2211 ncquc
679 2135 797 2195 hostem
832 2153 863 2195 se
899 2154 961 2196 esse
998 2137 1122 2215 negavit
1154 2138 1184 2196 et
1215 2139 1339 2213 proptor

319 2225 511 2302 sacrilegium
540 2224 619 2299 quod
645 2226 679 2283 in
700 2224 775 2284 deos
802 2226 920 2300 penatis
948 2226 1110 2286 admiserat
1134 2226 1276 2285 iudicium
1301 2226 1337 2285 de

277 2331 304 2371 so
319 2332 351 2373 sc
384 2313 489 2373 habuit
522 2313 658 2373 omnibus
690 2316 794 2389 poenis
827 2314 951 2390 dignum
988 2333 1018 2374 se
1055 2334 1118 2375 esse
1151 2315 1336 2375 confirmans.

319 2404 393 2462 fecit
419 2403 489 2477 hoc,
520 2421 580 2462 non
608 2422 667 2478 quo
694 2421 763 2462 vore
790 2403 868 2461 mori
895 2404 998 2478 vellet,
1030 2405 1082 2465 sed
1107 2407 1154 2465 ut:
1171 2403 1336 2463 confitendo

318 2492 540 2569 indulgentiam
566 2494 730 2550 mereretur
758 2494 788 2551 et
815 2493 938 2551 viveret.
984 2493 1101 2553 addidit
1127 2493 1260 2570 spargite
1289 2511 1337 2551 me

318 2582 351 2640 in
383 2581 504 2655 finctus,
536 2583 569 2639 in
601 2583 696 2657 partis
724 2580 838 2640 scilicet
866 2580 1008 2657 divisum,
1042 2581 1120 2656 quod
1152 2583 1241 2641 facile
1272 2580 1337 2640 fieri

318 2672 422 2746 potuit
454 2689 489 2728 ex
521 2670 675 2729 occasions
707 2670 780 2746 loci,
808 2669 861 2729 sed
887 2689 924 2727 ne
951 2670 1048 2744 ficret,
1076 2670 1236 2730 crudelitas
1263 2670 1336 2730 facti

276 2777 303 2817 as
319 2759 471 2834 descripta
494 2761 546 2818 est.
585 2759 739 2833 conclusit,
761 2759 839 2818 hano
862 2760 950 2834 quasi
971 2778 1075 2818 revera
1097 2759 1224 2819 libenter
1247 2777 1336 2834 quae-

318 2851 399 2908 rerct
426 2850 566 2923 mortem,
595 2851 625 2907 ct
649 2849 692 2906 ait
714 2851 860 2923 vastoque
883 2848 1041 2926 inmergite
1064 2852 1164 2925 ponto,
1187 2848 1220 2907 id
1243 2852 1289 2908 est
1311 2848 1337 2907 si

318 2956 423 3013 pereo,
446 2937 601 2997 hominum
624 2935 762 2996 manibus
785 2936 909 3012 periisse
934 2936 1058 2996 iuvabit.
1105 2955 1171 2996 ecce
1193 2938 1246 2996 ubi
1268 2957 1337 3013 pro-

319 3026 398 3085 didit
431 3026 503 3100 quia
533 3027 634 3085 vivere
665 3028 762 3103 magis
791 3026 900 3085 maluit
927 3045 1019 3101 quam
1046 3026 1149 3086 occidi
1195 3029 1221 3086 si
1247 3045 1336 3103 pereo

319 3117 400 3174 enim
433 3114 521 3192 dixit,
553 3134 613 3173 non
646 3132 713 3172 cum
744 3116 868 3190 periero.
914 3115 940 3173 si
970 3133 1058 3190 pereo
1091 3133 1157 3174 cum
1189 3116 1275 3192 dicit,
1307 3118 1338 3174 et

275 3222 303 3263 ao
319 3203 500 3263 discriminis
528 3206 576 3263 sui
603 3206 714 3263 exitum
742 3203 817 3263 facit
838 3206 986 3263 incertum
1010 3208 1040 3263 ct
1063 3204 1192 3264 ostendit
1215 3223 1245 3264 sc
1268 3204 1337 3263 duci

393 3414 406 3459 1
427 3409 547 3476 suspicio
565 3414 604 3462 est
616 3407 669 3461 LR
686 3408 841 3477 suspicione
857 3408 906 3461 edl
924 3411 1043 3478 suspicio
1057 3409 1123 3463 edF.
1179 3413 1195 3461 8
1214 3409 1338 3462 subsistit

317 3478 372 3532 LR
389 3479 511 3533 substitit
529 3497 543 3531 r
562 3479 614 3547 ed.¹
634 3479 709 3547 qnod
727 3478 921 3547 recipiendum
939 3480 1045 3549 putavi.
1133 3486 1148 3534 6
1164 3480 1338 3548 praeueniret

317 3551 339 3604 L
359 3550 390 3603 in
409 3550 434 3602 R
450 3550 586 3605 abrasum
605 3550 670 3605 add.
689 3550 720 3603 in
738 3566 827 3619 marg.
846 3549 877 3604 r'.
983 3557 1015 3604 17
1034 3548 1338 3606 manumittimus

317 3622 447 3677 monibus
465 3619 495 3676 r'.
553 3626 586 3675 18
605 3628 685 3691 atque
703 3621 756 3674 LR
774 3621 818 3675 cd.
837 3638 921 3691 neque
939 3638 999 3676 nos.
1016 3625 1020 3691 Ι
1035 3624 1146 3693 negavit
1163 3621 1216 3675 LR
1233 3638 1290 3676 coa
1307 3637 1335 3673 a.

317 3692 389 3746 red.
444 3698 477 3745 21
497 3709 550 3762 quo
564 3692 617 3745 th
630 3693 703 3762 qaod
717 3692 759 3746 ed.
777 3695 781 3761 Ι
797 3694 957 3761 confidendo
971 3693 998 3747 It
1011 3691 1120 3748 corr.r'.
1172 3698 1208 3747 2⁸2
1220 3698 1340 3747 uteretur

316 3764 342 3817 R
358 3762 468 3817 corr.r'.
524 3769 559 3817 24
576 3764 624 3819 sed
638 3763 726 3817 omR
742 3760 848 3819 addr'.
904 3769 938 3817 28
957 3766 1045 3836 trapis
1059 3764 1166 3820 omed.
1227 3768 1263 3819 29
1280 3778 1336 3834 coc

316 3833 420 3890 camb
438 3852 504 3889 nom
522 3851 545 3889 e.
564 3835 590 3888 a
608 3851 677 3889 corr.
692 3833 713 3887 r‘
725 3861 759 3881 =
773 3834 803 3890 L.
