3250 4350
670 406 852 462 AENEIDOS
870 407 909 461 111
1234 407 1299 472 317

282 579 363 655 oipio
397 577 597 655 Troiugenum
630 576 719 650 dixit,
753 579 788 635 ut
820 575 916 636 eiviea
945 576 1090 654 religione
1122 578 1300 637 oonstriotus

283 666 365 742 quod
383 668 503 742 poterat
520 686 581 726 non
599 667 730 743 negaret.
762 666 829 739 fare
847 682 915 738 ape:
931 666 1132 725 hortationem
1150 667 1300 742 poscentis

281 755 469 832 significant,
495 774 556 814 non
584 755 795 815 auotoritatem
824 753 966 813 iubentis.
1011 754 1084 814 dioit
1112 757 1175 813 iam
1203 756 1300 831 ipsam

281 863 407 903 eausam
429 862 505 919 quae
528 844 616 902 illum
627 843 797 902 sollicitum
815 843 958 902 faciebat:
980 861 1107 918 namque
1124 846 1218 902 onmis
1235 861 1301 902 eur·

279 953 350 994 saun
372 933 446 992 mibi
461 950 608 1006 prospera
630 934 704 992 dieu
725 934 828 1006 reliquo
851 936 878 990 et
894 934 990 992 emme·
1006 936 1165 992 mereunt
1180 935 1301 991 numine

279 1025 346 1083 diei
364 1022 490 1081 Italiam
510 1026 604 1095 petere
623 1027 649 1082 et
665 1026 760 1099 terras
778 1025 918 1095 temptare
935 1026 1080 1096 repostos:
1102 1022 1166 1080 sola
1183 1028 1354 1080 uwwmaeo

279 1114 420 1184 denoque
445 1112 531 1185 nefas
558 1113 685 1187 harpyia
710 1110 833 1170 Oetaeum
856 1111 1030 1187 prodtqe‘um
1056 1112 1135 1170 cauit
1162 1112 1301 1170 estrees

279 1202 439 1261 denuntiet
463 1201 528 1259 iras
554 1202 760 1273 obscenamque
787 1202 911 1274 famem:
943 1217 1018 1273 quae
1038 1201 1142 1273 poma
1165 1201 1301 1273 pericula

279 1291 363 1350 vito?
395 1288 534 1367 prodigia
552 1289 691 1348 dicuntur
705 1290 813 1364 quibus
828 1289 1044 1348 denuntiantur
1061 1289 1195 1348 adversa.
1225 1287 1302 1346 dixit

280 1399 356 1457 ergo
385 1381 481 1438 metus
504 1378 551 1439 sui
573 1396 708 1453 eausam,
733 1377 840 1436 dehine
861 1378 1025 1436 remedium
1048 1379 1145 1453 poseit
1167 1396 1226 1453 quo
1250 1376 1301 1435 ad·

280 1486 374 1529 versa
401 1469 502 1527 omnia
527 1467 656 1526 tolerare
682 1469 784 1543 posset
811 1470 864 1526 aut
892 1467 1002 1545 lugere.
1047 1466 1157 1525 ideireo
1185 1465 1302 1525 addidit

279 1556 391 1632 quidve
412 1573 534 1629 sequeus
556 1559 652 1616 mutos
668 1558 783 1630 poesim
804 1573 946 1629 superare
968 1557 1101 1616 labores?

351 1645 413 1704 Hie
439 1645 571 1704 Helenus
598 1647 690 1706 uaeas
711 1647 847 1720 primumn
873 1646 909 1704 de
935 1661 1015 1704 more
1040 1645 1170 1703 iuuencis
1193 1648 1354 1703 exoratam

274 1753 387 1810 paoem
418 1733 519 1793 diuum
549 1737 692 1808 uiamque
722 1734 841 1793 resobit
870 1735 981 1795 sacrati
1012 1736 1133 1807 eapitis:
1168 1733 1301 1792 Helenus

280 1824 361 1882 nihil
385 1822 504 1882 Aeneae
530 1824 698 1899 postulanti
724 1823 892 1899 respondit,
917 1825 954 1881 ut
976 1824 1125 1881 fantinum
1148 1840 1210 1882 sese
1233 1841 1300 1898 pro·

280 1913 420 1972 mitteret
446 1914 501 1971 aut
527 1914 651 1989 negaret
678 1904 776 1993 (fieret
802 1914 882 1970 enim
905 1930 990 1971 mora
1013 1929 1154 1986 suspenso
1179 1913 1209 1969 et
1230 1929 1301 1971 ven-

281 2006 386 2062 torum
408 2002 558 2077 prosperis
581 1993 728 2082 flatibus),
755 2001 821 2075 sed,
850 2001 930 2077 quod
952 2001 1052 2059 fuerat
1073 2000 1193 2074 melius,
1221 1999 1302 2074 quod

281 2109 344 2152 non
368 2092 547 2166 promiserat
569 2090 667 2150 verbis
686 2091 893 2166 conpleturum
912 2109 942 2149 se
961 2090 1050 2149 saetis
1068 2088 1301 2148 evidentioribus
1406 2146 1409 2153 ,

282 2180 511 2241 demonstrabat
541 2183 645 2239 tenens
678 2180 811 2240 ordinem
846 2182 923 2239 ritus
959 2181 1014 2239 sui.
1065 2180 1195 2255 primum
1231 2198 1301 2257 ergo

283 2288 439 2330 caesorum
470 2271 663 2329 iuvenoorum
695 2270 839 2347 sanguine
871 2270 1005 2330 favorem
1037 2268 1159 2328 deorum
1191 2268 1301 2327 futuris

282 2359 436 2435 responsis
463 2362 493 2417 et
520 2358 673 2418 desideriis
701 2358 893 2431 considebat,
926 2361 961 2416 ut
991 2378 1045 2433 per
1071 2376 1223 2417 saororum
1251 2356 1302 2415 ob·

283 2450 390 2524 sequia
422 2447 460 2505 ad
491 2466 594 2506 veram
626 2450 725 2524 posset
757 2448 926 2506 futurorum
956 2448 1112 2506 seientiam
1139 2447 1301 2521 pervenire,

284 2540 379 2597 vittas
402 2539 502 2595 autem
524 2537 649 2596 resolvit
671 2536 782 2595 sacrati
805 2537 922 2612 eapitis,
940 2540 974 2594 ut
994 2536 1115 2611 plenum
1135 2535 1302 2594 ostenderet

284 2626 418 2685 officium
442 2625 609 2685 saoerdotii.
654 2626 727 2684 feeit
749 2625 828 2686 solvi
849 2627 956 2699 vittaS,
983 2629 1017 2683 ut
1040 2625 1203 2701 penderent
1226 2642 1302 2699 quae

270 2716 407 2776 >fuerant
429 2732 529 2775 nexae.
575 2733 674 2788 meque
697 2716 737 2774 od
759 2719 811 2774 tua
834 2716 951 2783 limina,
973 2715 1098 2781 Phoebe,
1126 2716 1189 2786 ipse
1210 2731 1303 2771 mauu

286 2806 376 2863 multo
389 2822 564 2877 suspensum
576 2806 697 2862 munins
711 2805 805 2863 emt.-
822 2823 885 2863 rem
901 2806 1016 2881 gestam
1035 2821 1103 2860 oum
1122 2801 1303 2877 apostropha

286 2896 461 2969 prosecutus
485 2895 543 2951 est:
574 2894 652 2968 ipse,
674 2893 787 2968 inquit,
810 2893 942 2952 Helenus
969 2911 1017 2950 me
1043 2892 1175 2950 retinens
1202 2909 1302 2965 manu,

288 2982 367 3058 quod
390 2983 450 3040 huit
473 2984 609 3057 apertum
631 2981 850 3042 benivolentiae
874 2984 1001 3059 signum,
1030 2981 1068 3039 ad
1090 2983 1153 3054 tua,
1175 2980 1302 3054 Phoebe,

287 3073 401 3147 templa
419 3070 559 3147 perduxit
577 3089 759 3146 suspensum.
799 3071 879 3146 quod
902 3072 1003 3146 posuit
1024 3071 1154 3143 numine,
1173 3073 1226 3128 aut
1248 3091 1302 3128 nu·

270 3163 376 3219 »minis
400 3161 592 3220 veneratione
615 3160 770 3219 turbatum
794 3162 848 3218 aut
870 3160 940 3217 inde
962 3177 1151 3234 suspensum,
1174 3178 1211 3217 ne
1234 3176 1302 3217 eon·

288 3252 383 3308 traria
414 3267 507 3326 quam
539 3249 665 3325 optabat
697 3249 822 3309 audiret.
874 3252 958 3321 etque
989 3249 1059 3306 haee
1091 3248 1193 3307 deinde
1225 3249 1304 3306 enuit

359 3443 374 3489 7
399 3438 555 3506 dictumque
578 3435 607 3490 L.
638 3437 642 3505 1
677 3437 796 3506 arpypia
819 3435 927 3489 eueleuo
950 3435 1010 3488 th.
1108 3440 1124 3487 8
1149 3435 1253 3500 famam
1277 3434 1303 3487 R

291 3525 355 3561 corr.
376 3526 398 3561 r.
478 3513 511 3561 10
531 3509 602 3576 quod
620 3506 673 3560 th
691 3524 744 3576 quo
761 3524 776 3559 r
795 3506 839 3561 ed.
918 3512 949 3560 11
969 3507 1061 3577 sepire
1079 3506 1139 3559 LR.
1220 3510 1252 3558 15
1271 3513 1303 3559 ut

290 3582 428 3644 foetorum
445 3578 500 3632 th
516 3586 549 3633 ut
566 3595 620 3632 om.
635 3577 684 3631 'edI
702 3580 877 3646 faetmumue
896 3578 961 3630 edF.
1069 3582 1102 3629 16
1121 3583 1146 3630 et
1163 3582 1303 3630 uentorum

290 3648 339 3704 LR
357 3651 401 3706 ed.
421 3668 456 3705 ee
473 3669 497 3706 e.
516 3667 537 3703 r.
629 3655 662 3703 17
681 3650 778 3703 melius
796 3667 850 3703 om.
870 3649 895 3701 a
913 3649 977 3702 add.
997 3666 1018 3701 r.
1109 3649 1304 3716 asperserant

290 3721 400 3776 Reorr.
420 3739 442 3776 r.
529 3727 562 3775 26
580 3720 706 3784 remLIt
724 3737 798 3789 spem
816 3720 883 3774 eds.
970 3725 1002 3773 29
1022 3719 1304 3773 nomiae—uomina

289 3797 321 3847 ut
338 3809 425 3863 saepe
443 3792 503 3846 La.
577 3797 610 3845 30
629 3799 680 3846 aut
697 3791 750 3844 th
768 3792 810 3847 ed.
831 3793 874 3845 ait
890 3798 958 3846 aut?
