3250 4350
347 424 391 486 84
628 419 768 474 DONATI
784 419 955 474 INTERPR.
973 419 1081 474 VERG.

347 610 406 666 quo
429 590 600 649 tenderetur
622 608 683 651 non
705 590 836 664 haberet,
860 588 898 648 ad
921 589 1037 648 eaelum
1063 591 1094 646 et
1121 606 1245 663 superos
1273 590 1362 646 etiam

347 681 438 739 veuit
465 679 556 739 tertia
574 679 730 755 inquisitio
750 681 904 754 supererat
923 697 1019 753 quove
1037 678 1148 736 tenetis
1165 675 1245 736 iter?
1273 679 1364 736 etiarn

295 774 348 824 380
356 769 415 845 ipsi
438 769 597 844 respondet
620 768 721 827 dioens
743 768 868 826 Italiam
889 784 998 839 quaero
1015 768 1156 840 patriam.
1193 766 1275 825 dixit
1294 784 1363 843 ergo

348 877 407 934 quo
430 858 566 916 tenderet
589 860 620 916 et
642 857 758 917 addidit
781 856 861 932 quod
884 857 1053 932 quaesitum
1075 874 1136 915 uon
1158 856 1261 913 fuerat
1279 873 1364 913 orna-

346 955 432 1005 turus
459 949 600 1005 meritum
628 965 716 1004 suum
743 945 868 1004 dicendo
901 949 928 1002 et
956 962 1049 1017 qenes
1075 945 1113 1002 ab
1140 945 1212 1004 Ioue
1243 962 1398 1003 summos

348 1036 523 1112 quaeretis
542 1036 747 1111 accipiendum
767 1038 821 1108 est,
840 1038 874 1092 ut
891 1035 932 1092 sit
952 1033 1074 1092 Italiam
1097 1051 1209 1108 quaero
1233 1034 1364 1109 patriam

347 1130 379 1184 et
401 1144 494 1203 genus
518 1143 629 1201 quaero
653 1123 732 1200 quod
756 1123 793 1182 ab
817 1124 887 1182 love
911 1141 1026 1182 summo
1050 1121 1210 1180 deseendit.
1247 1123 1296 1181 his
1316 1123 1365 1180 ad-

347 1216 447 1292 iungit
460 1214 563 1290 aliqua
577 1214 613 1271 de
628 1213 745 1272 essibus
759 1214 821 1271 suis
836 1221 866 1270 et
880 1231 915 1270 ea
930 1231 1007 1287 quae
1021 1213 1157 1270 tenerent
1170 1211 1366 1287 profeetionis

347 1303 436 1361 initia
464 1306 494 1361 et
521 1303 686 1379 praesentis
714 1301 858 1376 temporis
886 1302 975 1359 mala.
1021 1301 1066 1358 dis
1092 1301 1176 1358 denis
1202 1301 1365 1374 Ptryqium

348 1393 500 1451 conscendi
522 1393 648 1450 navitas
670 1408 779 1463 aequor
802 1395 894 1448 matre
916 1391 971 1448 dea
993 1393 1173 1447 monstrante
1194 1391 1275 1447 11111111
1295 1391 1365 1448 datu
1380 1409 1401 1448 11

348 1484 413 1552 sata
441 1483 568 1539 secutus:
600 1499 667 1539 eum
695 1499 851 1537 numerum
879 1480 1002 1538 navium
1025 1478 1148 1551 diceret,
1173 1478 1368 1537 ambitiosum

349 1571 408 1627 fuit
438 1568 518 1645 quod
545 1569 621 1627 dixit
643 1568 688 1628 bis
712 1568 808 1642 denis,
833 1587 923 1643 quam
946 1569 972 1626 si
994 1566 1105 1626 diceret
1128 1568 1251 1644 viginti,
1277 1568 1368 1626 sicuti

351 1677 403 1734 pro
435 1658 530 1716 nihilo
563 1659 663 1732 posuit
694 1659 745 1715 vix
777 1660 891 1732 septem
923 1657 1082 1716 convulsae
1113 1657 1201 1714 undis
1237 1675 1367 1731 euroque

351 1751 516 1822 supersunt.
563 1751 658 1806 matre
687 1745 742 1804 dea
769 1748 954 1804 monstrante
986 1747 1079 1803 viam:
1117 1765 1208 1821 quam
1240 1745 1368 1804 libenter

351 1836 470 1894 auditus
499 1838 557 1909 est,
585 1835 664 1911 quod
693 1837 806 1914 gratim
836 1837 937 1912 ageret
963 1835 1067 1909 matri,
1094 1835 1165 1893 lieet
1192 1836 1258 1909 ipse
1281 1837 1368 1909 quasi
1381 1853 1401 1892 11

351 1925 431 2001 apud
454 1925 639 2001 incognitam
663 1923 928 1983 commendationis
952 1942 1022 1982 suae
1046 1941 1135 1982 eausa
1157 1923 1214 1982 hoe
1237 1923 1368 1984 voluerit

351 2014 460 2087 dicere,
489 2013 568 2088 quod
596 2033 630 2071 ex
658 2014 713 2071 dea
741 2014 782 2072 sit
804 2014 931 2090 genitus.
977 2013 1044 2088 ipsa
1074 2014 1153 2070 enim
1178 2013 1260 2071 viam
1283 2032 1367 2071 mon-

352 2102 459 2160 stravit
482 2101 606 2161 dicendo
629 2103 661 2159 in
681 2102 807 2160 seeundo
827 2100 904 2159 libro
924 2094 1019 2182 (619)
1038 2103 1145 2176 „er-ipe,
1164 2104 1245 2176 nate,
1263 2103 1368 2179 fugam

351 2194 497 2267 finemque
520 2194 629 2267 inpone
652 2192 756 2250 labori.
802 2210 950 2266 nusquam
975 2190 1062 2249 abero
1086 2194 1117 2249 et
1138 2192 1239 2249 tutum
1266 2194 1366 2266 patrio

351 2291 380 2339 te
408 2283 511 2339 limine
540 2279 670 2339 sistam‘fl
716 2282 765 2339 hie
789 2280 919 2338 ostendit
942 2284 1031 2355 poeta
1054 2282 1146 2338 etiam
1168 2280 1259 2354 illud,
1287 2280 1402 2355 quodne

351 2371 466 2429 Aeneas
504 2371 538 2428 de
572 2370 678 2427 Troiae
714 2370 852 2427 litoribus
890 2388 950 2426 non
986 2370 1141 2428 voluntate
1178 2371 1366 2446 navigaverit

351 2460 498 2536 iungendo
527 2459 599 2517 data
627 2459 692 2516 fata
715 2462 844 2531 secutus,
868 2458 1008 2532 quoniam
1031 2458 1174 2515 fatalibus
1198 2457 1368 2534 dispositio,-

352 2550 437 2606 nibus
461 2548 704 2607 consentiendum
727 2553 823 2625 magis
846 2550 890 2604 est
909 2565 999 2621 quam
1017 2546 1211 2606 inefficaciter
1228 2550 1368 2606 resisten-

352 2638 429 2695 dum.
481 2656 546 2695 eeee
578 2637 741 2712 praeterita
779 2636 907 2694 strictim
939 2637 1060 2693 transiit
1092 2640 1121 2693 et
1153 2637 1185 2693 in
1217 2637 1366 2710 praesenti

352 2728 518 2784 inmoratur
541 2728 662 2801 propter
685 2726 829 2783 maiorem
851 2724 1085 2783 misericordiam
1114 2725 1368 2784 commovendam.
1382 2743 1404 2781 11

355 2818 401 2872 ris
424 2819 527 2886 septos
552 2815 706 2872 corrosisse
728 2815 818 2871 undis
837 2831 960 2885 estoque
978 2817 1143 2885 supersunt,
1162 2816 1224 2885 ipse
1242 2816 1368 2885 iqnotus.

302 2908 352 2955 385
365 2921 446 2975 (111113
470 2904 583 2975 Libyae
606 2905 719 2961 deserto
736 2921 865 2976 1111119111
887 2903 1012 2973 Europa
1039 2907 1123 2975 atque
1145 2900 1223 2960 Asia
1245 2904 1369 2974 pulsus·

353 2992 472 3067 singula
500 2992 590 3049 verba
618 3011 707 3067 quarn
734 2995 857 3050 teneant
884 2993 945 3050 vim
974 3009 1097 3065 quemve
1125 2991 1257 3048 habeant
1280 2993 1368 3050 intel-

353 3082 461 3138 leetum
485 3082 650 3139 necessario
670 3081 849 3139 noscendum
868 3085 920 3138 est.
959 3083 1002 3138 ait
1020 3082 1098 3137 onim
1117 3080 1163 3137 bis
1182 3080 1266 3138 denis
1286 3082 1369 3139 navi-

353 3170 407 3226 bus
431 3170 597 3227 veniebam:
631 3171 836 3246 designatione
859 3170 974 3227 numeri
997 3168 1114 3246 magnis
1137 3170 1232 3244 copiis
1255 3174 1369 3229 motam
1383 3186 1406 3226 so

353 3259 575 3334 navigationem
599 3278 682 3317 suam
706 3260 804 3317 voluit
827 3259 1036 3317 demonstrare.
1083 3257 1132 3315 vix
1161 3262 1273 3332 septem
1302 3278 1369 3317 eon-

426 3435 572 3496 ‘tsaperot
591 3429 632 3481 ed.
698 3435 759 3482 tet
777 3445 829 3480 om.
846 3428 888 3481 ed.
954 3435 1013 3481 bet
1031 3444 1084 3481 om.
1099 3426 1142 3480 ed.
1210 3428 1370 3482 ideseendi

354 3499 403 3551 LR
424 3499 562 3553 -ditLII
581 3518 616 3552 m.
635 3518 650 3552 r
669 3499 710 3552 ed.
799 3498 1207 3553 &casibussuislrsutsom
1227 3498 1251 3550 R
1271 3499 1370 3552 add.r

354 3588 438 3624 eausa
457 3574 502 3625 sui
520 3573 619 3638 erroris
638 3571 681 3625 ed.
738 3576 770 3623 14
790 3588 870 3638 quom
891 3572 1004 3624 libenter·
1017 3570 1069 3621 LR
1087 3587 1167 3637 quum
1188 3570 1304 3624 breviter
1323 3570 1370 3624 edI

351 3660 436 3709 quam
456 3643 633 3697 1111111111(
652 3642 765 3695 libenter
783 3641 849 3694 eds.
910 3647 943 3693 23
963 3641 1153 3695 conscienciam
1171 3640 1204 3693 R.
1266 3648 1301 3695 25
1320 3644 1370 3695 iru-

334 3736 465 3784 moratus
488 3731 530 3786 ed.
653 3738 687 3787 26
712 3714 897 3789 eoreedtsaeir
920 3746 1005 3802 supra
1025 3734 1055 3783 et
1069 3729 1144 3782 intra
1161 3732 1315 3785 con-votens.

320 3801 462 3855 3181111111
484 3820 540 3859 om.
564 3806 608 3861 ed.
640 3810 647 3878 t
675 3808 874 3864 demonstrare
891 3805 916 3859 11
936 3805 1049 3860 -abutur
1065 3801 1102 3853 it.
