3250 4350
708 430 890 485 AENEIDOS
908 431 947 484 III
998 464 999 467 =
1273 431 1339 496 269

319 621 386 661 ram
405 619 562 660 saevorum
580 602 736 660 hominum
754 600 845 659 simul
863 599 1045 675 ostenderet3
1065 601 1128 659 tela
1142 602 1221 659 enim
1234 601 1339 676 procul

320 690 412 749 dubio
431 689 569 748 manibus
588 690 743 748 hominum
760 689 968 764 portabantur,
982 707 1049 748 cum
1066 693 1218 764 peteretur
1231 708 1339 764 corpus

319 779 457 838 insontis.
501 781 597 852 tanta,
620 779 728 854 inquit,
751 779 879 838 saevitia
902 781 1075 837 cunctorum
1097 778 1169 852 fuit,
1196 782 1243 853 ut,
1271 797 1340 836 cum

319 888 414 926 unum
435 867 530 926 telum
552 866 637 943 pueri
656 885 759 925 necem
775 866 916 942 perficere
934 867 1093 942 potuisset,
1110 887 1207 926 unum
1224 869 1257 925 in
1275 886 1339 926 cor·

292 974 377 1032 epus
407 974 509 1016 omnes
537 955 638 1017 omnia
665 957 727 1015 tela
749 958 926 1031 pressissent
948 988 993 998 -
1016 988 1060 998 -
1082 988 1134 1014 -.
1180 959 1211 1015 et
1233 956 1339 1015 iaculis

320 1044 449 1105 increvit
477 1046 585 1120 acutis,
613 1048 647 1103 ut
675 1045 714 1103 ad
740 1044 823 1104 illius
851 1045 941 1104 funus
969 1049 1108 1105 accurato
1135 1045 1215 1103 ferro
1237 1045 1339 1104 multi-

320 1134 394 1194 tudo
424 1153 514 1194 saeva
542 1133 718 1193 confluxisse
747 1133 907 1193 rideretur.
953 1135 1034 1211 quod
1061 1136 1162 1193 autem
1190 1134 1266 1192 dixit
1292 1136 1339 1193 in·

321 1225 423 1300 crevit,
438 1222 539 1281 crebro
558 1225 706 1298 percussit
724 1224 930 1298 accipiendum
949 1227 1003 1298 est,
1016 1226 1051 1282 ut
1069 1243 1129 1282 non
1147 1223 1339 1283 remansisset

320 1313 403 1372 locus
431 1312 562 1370 inmunis
591 1330 609 1370 a
636 1312 767 1372 viduare.
813 1316 875 1371 tarn
896 1330 963 1372 aero
987 1314 1109 1386 ancipiti
1129 1316 1252 1372 menam
1278 1315 1339 1387 for·

282 1422 308 1462 ro
320 1402 431 1460 midine
448 1418 571 1474 pressas
594 1402 720 1475 obstinat
741 1405 933 1474 sederentque
955 1418 1053 1461 amaa
1076 1405 1102 1460 et
1122 1419 1179 1462 eoa
1200 1403 1337 1474 faaabrrs

320 1491 429 1549 leaesa‘t:
460 1493 619 1565 propterea
647 1490 723 1548 dixit
749 1493 815 1548 tum
842 1509 926 1564 vero,
954 1491 1025 1567 quia
1053 1509 1143 1567 supra
1167 1491 1243 1549 dixit
1265 1490 1340 1548 mihi

321 1578 449 1657 frigidus
476 1579 583 1638 horror
609 1578 742 1638 membra
770 1580 872 1656 quatit
899 1581 1073 1657 gelidusque
1096 1582 1156 1639 coit
1180 1580 1338 1639 formidine

321 1669 453 1745 sangine.
498 1669 604 1728 horror
627 1670 707 1726 enim
730 1670 842 1745 quiex
863 1670 931 1728 visu
954 1671 1108 1746 sanguinis
1131 1669 1276 1729 stillantis
1304 1688 1339 1728 ex

320 1757 405 1835 ligno
428 1756 528 1816 fuerat
551 1760 669 1816 exortus
693 1775 763 1817 voce
786 1756 895 1817 dehinc
916 1757 1059 1832 Polydori
1084 1759 1230 1834 gementis
1254 1775 1339 1817 casus

284 1867 307 1908 u
321 1865 391 1906 suos
419 1846 676 1905 vehementissime
705 1847 874 1905 cumulatus
897 1849 955 1920 est,
982 1864 1077 1922 usque
1101 1846 1173 1906 adeo
1197 1849 1233 1906 ut
1255 1865 1339 1906 mens

321 1935 420 1994 omnis
447 1937 480 1993 in
507 1935 717 1994 hebetudinem
740 1955 827 1996 versa
849 1937 890 1994 sit
912 1938 943 1995 et
965 1935 998 1993 in
1021 1935 1174 1994 silentium
1196 1938 1339 1995 transiret

319 2043 387 2098 vox,
408 2042 559 2083 comarum
580 2044 651 2084 vero
674 2025 818 2084 mollities
841 2024 988 2083 obdurata
1007 2025 1182 2084 constiterit.
1219 2025 1339 2084 rettulit

319 2113 465 2189 Polydori
496 2113 600 2189 verba,
633 2113 740 2174 dehinc
768 2133 823 2176 sua
849 2113 1011 2191 subnectit,
1038 2116 1073 2171 ut
1100 2113 1238 2172 ostendat
1267 2133 1339 2190 quo·

320 2203 411 2261 modo
434 2203 546 2261 factum
569 2205 609 2262 sit
632 2206 667 2262 ut
690 2204 838 2263 Troianus
858 2223 933 2279 puer
950 2205 982 2261 in
1001 2203 1107 2262 alienis
1125 2203 1213 2262 terris
1232 2205 1339 2262 fuisset

281 2313 307 2353 ro
322 2310 445 2351 occisus.

388 2381 479 2439 Hanc
505 2380 683 2455 Polydorum
714 2383 783 2440 aarr'
814 2382 961 2454 caeam
989 2399 1054 2440 cara
1076 2383 1206 2456 pondere
1232 2398 1338 2454 maana

317 2470 425 2542 inscita
447 2470 588 2529 Pre'arnas
614 2472 718 2543 fartim
744 2472 904 2530 rnandarat
930 2471 1069 2529 alendam
1093 2471 1245 2530 Theaeteto
1268 2473 1338 2543 reat,
1357 2475 1392 2524 50

317 2577 388 2618 cam
414 2560 477 2617 tarn
504 2558 651 2633 diffideret
677 2561 769 2618 arenis
796 2560 974 2619 Dardaniae
1001 2561 1132 2633 ciaatqae
1158 2560 1260 2618 arbem
1291 2560 1338 2617 ob-

316 2648 435 2707 sidione
456 2647 576 2706 rideret:
606 2648 695 2722 huno,
717 2647 825 2724 inquit,
848 2648 1040 2707 nutriendum
1062 2648 1166 2706 infelix
1189 2648 1285 2707 amico
1309 2651 1339 2706 et

274 2760 301 2801 ra
316 2738 387 2813 regi
406 2735 528 2796 dederat
545 2736 683 2795 Priamus
707 2740 830 2814 cogente
848 2738 903 2795 illa
921 2739 1108 2811 necessitate,
1127 2737 1206 2812 quod
1224 2736 1339 2796 videret

318 2824 477 2885 obsidione
494 2826 628 2900 perfecta
646 2826 760 2884 nullam
778 2846 861 2901 spem
879 2827 990 2902 reliqui
1008 2829 1128 2901 factam,
1144 2826 1207 2884 vim
1225 2826 1339 2886 scilicet

315 2912 465 2988 temporis
488 2932 602 2989 passus,
625 2917 660 2973 ut
683 2916 843 2990 posteritas
866 2916 943 2989 eius,
966 2935 1043 2991 quac
1066 2917 1124 2974 luit
1146 2918 1179 2973 in
1201 2910 1338 2990 pluribus

317 3002 434 3076 liberis,
451 3002 483 3060 in
501 3022 561 3062 uno
580 3004 688 3063 saltem
706 3006 866 3079 superstite
883 3007 1079 3080 permaneret.
1115 3024 1149 3064 ac
1168 3024 1204 3063 ne
1224 3005 1339 3064 deesset

394 3250 410 3297 o
434 3247 499 3313 post
522 3244 684 3313 pressimnt
710 3244 812 3297 lacuna
841 3243 938 3298 decem
964 3245 1124 3299 litterarum
1152 3248 1181 3299 et
1204 3249 1339 3313 quattuor

317 3332 453 3369 versuum
470 3318 549 3369 extat
566 3315 595 3368 in
614 3315 636 3367 L
660 3321 685 3369 et
702 3316 878 3381 eonfiaicsent
899 3315 1029 3384 interpol.
1049 3316 1092 3370 ed.
1116 3316 1153 3385 (H
1170 3317 1337 3371 tantundem

319 3386 410 3455 spatii
433 3385 594 3455 relinquens
617 3385 648 3439 in
670 3401 759 3456 marg.
779 3386 899 3440 adnotat
918 3385 981 3453 „hic
1000 3388 1103 3441 desunt
1122 3388 1282 3456 carmina“).

320 3465 337 3511 6
357 3458 396 3511 ad
415 3456 467 3509 LR
485 3464 516 3512 at
534 3457 572 3511 ad
590 3475 604 3509 r
623 3456 665 3511 ed.
692 3461 695 3524 Ι
726 3465 871 3513 accurrate
889 3457 942 3510 LR
960 3465 1040 3513 aeato
1058 3477 1072 3511 r
1090 3459 1133 3511 ed.
1154 3466 1282 3513 accurato
1301 3459 1338 3512 ad

320 3528 587 3597 interpretationem
605 3528 699 3583 tendit
717 3545 790 3597 quae
810 3528 845 3583 de
859 3530 974 3584 increvit
987 3529 1120 3582 continuo
1134 3529 1283 3598 profertur.

321 3606 337 3653 7
357 3600 501 3666 conflatae
519 3599 572 3652 LR
591 3615 659 3654 corr.
678 3618 699 3653 r.
797 3606 828 3654 12
848 3617 894 3655 eor
912 3600 964 3653 ΕΒ
982 3602 1036 3655 coit
1052 3619 1067 3653 r
1086 3601 1128 3654 ed.
1224 3606 1257 3654 23
1277 3618 1338 3655 earn

319 3672 446 3739 deficeret
463 3670 516 3723 LR
533 3689 555 3726 e.
575 3671 632 3726 tarn
651 3670 789 3738 diffideret
805 3689 827 3725 r.
893 3677 997 3724 24-25
1016 3678 1041 3725 et
1058 3671 1192 3727 reciderat
1210 3672 1262 3724 LR
1280 3677 1337 3727 tra·

319 3743 433 3797 dederat
450 3741 496 3796 vel
513 3744 703 3799 transcenderat
721 3761 735 3795 r
753 3749 778 3797 et
795 3743 855 3812 περὶ
873 3744 984 3797 dederat
1002 3743 1029 3796 H
1047 3743 1091 3797 ed.
1185 3748 1219 3796 26
1238 3744 1338 3811 reliqui

317 3816 429 3883 factam
446 3812 499 3867 Lu
516 3815 676 3869 remansisse
694 3813 737 3867 ed.
812 3819 845 3867 28
864 3820 1014 3868 remaneret
1031 3814 1074 3868 ed.
