3250 4350
660 431 850 517 'AENEIDOS
868 432 907 486 lv
994 438 997 444 ’
1229 433 1295 498 389

280 602 358 660 inter
385 602 486 676 initia,
505 603 627 678 inquit,
655 604 803 680 surgentis
832 602 965 661 civitatis
992 603 1132 666 inimicae
1156 603 1295 662 confoves

280 692 386 766 coepta
408 694 438 748 et
461 698 554 765 quam
576 694 746 751 nascentem
775 693 946 768 opprimere
970 691 1113 750 debueras
1141 691 1296 751 sublevare

280 779 442 838 contendis.
482 779 610 838 dolenda
629 784 674 839 est
691 781 813 838 fortuna
836 784 897 858 tua,
917 799 994 856 quae
1012 779 1194 840 contrarium
1213 780 1296 856 cupit

279 870 520 945 contrariumque
541 871 680 929 sectatur.
718 869 875 945 arripuisti
897 887 1000 928 curem
1023 869 1194 928 obfuturam
1216 887 1295 928 com-

251 957 374 1017 emodis
406 959 466 1016 tuis
499 959 531 1016 et
561 958 720 1017 meliorum
752 977 835 1034 spem
866 961 1058 1034 praesumpta
1090 957 1295 1032 desperatione

279 1047 437 1121 tempsisti.
483 1046 672 1122 inprudentis
696 1046 829 1106 officium
852 1051 897 1106 est
920 1047 1019 1106 aliena
1047 1047 1089 1106 sio
1117 1065 1234 1121 curare,
1259 1048 1296 1105 ut

279 1137 420 1213 neglegas
447 1137 514 1193 tua:
552 1154 634 1210 spem
662 1138 747 1194 tuam
772 1137 894 1212 iugulas
921 1136 1010 1195 huius
1037 1137 1203 1195 intentione
1226 1153 1294 1193 oon·

280 1225 351 1299 silii,
373 1243 440 1282 oum
464 1225 616 1284 amoribus
639 1224 780 1284 indebitis
804 1225 921 1284 deditus
944 1226 1031 1284 uxori
1054 1244 1144 1300 quam
1165 1224 1294 1284 retinere

279 1332 339 1371 non
362 1315 447 1388 potes
470 1314 589 1389 placere
608 1314 770 1373 contendis.
807 1314 881 1372 haec
904 1313 1074 1392 obiurgatio
1096 1316 1132 1372 ut
1154 1312 1193 1372 ab
1215 1331 1294 1376 erro-

237 1424 264 1461 10
278 1402 361 1460 ribus
390 1403 486 1461 solitis
515 1402 726 1462 dormientium
752 1406 953 1463 secerneretur
974 1406 1005 1463 et
1026 1404 1171 1462 maiorem
1194 1404 1295 1461 aucto-

278 1493 400 1549 ritatem
424 1495 566 1565 sumeret,
588 1493 664 1565 ipse,
686 1493 800 1568 inquit,
823 1494 909 1552 deum
932 1492 983 1550 rtet
1005 1509 1050 1549 me
1072 1491 1151 1550 claro
1174 1492 1297 1550 destitit

281 1579 402 1653 Olympo
425 1583 570 1655 regnator,
594 1582 706 1639 caelum
725 1585 751 1639 et
768 1586 863 1640 terras
881 1582 932 1653 qui
948 1582 1069 1640 suentes
1087 1585 1206 1653 torquet,
1223 1581 1348 1653 tpsesw

277 1669 348 1728 laec
369 1670 448 1741 serre
469 1671 548 1729 iubet
569 1670 668 1729 celcris
690 1670 833 1729 praedato
850 1687 908 1742 per
929 1687 1031 1728 ouras.
1072 1669 1229 1730 suffecerat
1249 1672 1295 1728 in-

278 1758 392 1817 dicasse
416 1777 435 1816 e
457 1778 517 1833 quo
542 1762 619 1818 esset
641 1760 763 1832 missus,
791 1758 856 1831 sed,
883 1776 952 1817 cum
973 1761 1078 1817 notum
1101 1761 1178 1817 esset
1201 1777 1294 1834 quan-

237 1867 263 1907 1s
278 1851 343 1907 tum
366 1846 503 1922 Iuppiter
525 1850 634 1923 posset,
653 1847 764 1906 adiecit
786 1846 929 1906 iniciendi
949 1847 1071 1906 maioris
1089 1850 1186 1906 metus
1205 1866 1295 1908 causa

278 1938 442 2010 potestates
457 1939 520 1996 eius
535 1940 565 1995 et
579 1936 659 2013 quod
672 1937 727 1995 illa
746 1938 848 1996 omnia
866 1936 990 1996 celerius
1008 1936 1134 2011 perferri
1151 1936 1294 2011 iussisset,

279 2026 438 2084 ostendens
458 2045 493 2083 ex
511 2044 545 2084 eo
566 2026 647 2100 quod
665 2025 820 2084 dicebatur
832 2025 980 2084 maturius
998 2027 1135 2100 oportere
1153 2025 1293 2099 conpleri.

278 2115 349 2186 quid
372 2116 482 2172 struis?
505 2118 558 2174 aut
580 2133 639 2188 quo
656 2131 707 2188 spe
724 2114 845 2190 Iessos
868 2116 937 2174 terts
959 2116 1019 2174 otio
1042 2115 1147 2174 terris?
1183 2114 1294 2175 utrius-

277 2222 337 2278 que
362 2204 466 2279 culpae
488 2204 653 2263 iustissima
675 2204 877 2280 reprehensio:
905 2223 976 2264 nam
998 2207 1112 2263 struere
1135 2206 1294 2278 contrarie,

236 2313 264 2351 eo
278 2292 334 2350 hoc
357 2296 403 2351 est
424 2296 555 2351 tractare
577 2293 626 2351 vel
648 2293 818 2369 disponere,
846 2296 878 2351 et
898 2293 1038 2352 inimicae
1062 2293 1193 2353 civitatis
1216 2311 1294 2352 som,-

277 2380 367 2440 moda
386 2380 540 2440 sublevare
559 2384 707 2441 extremae
726 2382 893 2441 dementiae
911 2385 965 2441 est.
996 2401 1179 2458 praeponere
1193 2386 1293 2455 autem

278 2472 386 2544 otium,
416 2489 484 2528 eum
506 2473 673 2531 necessaria
695 2471 867 2549 peragenda
890 2471 1086 2547 superfluant,
1109 2470 1293 2548 neglegentis

278 2562 324 2617 est
342 2562 372 2617 et
390 2561 513 2617 incauti.
550 2560 666 2632 vellem,
684 2560 792 2636 inquit,
810 2578 897 2619 nosse
921 2579 981 2636 qua
1004 2579 1057 2636 spe
1080 2560 1208 2633 duceris,
1226 2577 1295 2617 cum

278 2648 378 2706 aliena
406 2648 521 2725 diligis,
553 2667 621 2708 oum
649 2649 774 2708 adversa
802 2649 950 2725 disponiS,
982 2667 1050 2708 cum
1082 2651 1144 2707 otio
1172 2651 1294 2723 torpens

237 2756 263 2795 ss
278 2740 342 2795 tam
360 2739 594 2796 necessariorum
615 2738 836 2803 commodorum
853 2738 1055 2797 sollieitudine
1068 2738 1180 2795 reiecta
1194 2756 1294 2795 aemu-

277 2825 339 2883 lam
362 2828 422 2884 tuis
446 2825 533 2884 rebus
557 2826 728 2901 praetulisti
750 2828 918 2905 segnitiem.
963 2826 1035 2885 dum
1057 2827 1212 2902 quaeritur
1234 2844 1293 2901 que
1378 2850 1381 2855 ·

278 2933 330 2990 epe
347 2915 378 2972 id
398 2914 490 2990 fieret,
509 2915 612 2989 procul
631 2913 721 2973 dubio
741 2916 818 2974 nihil
835 2917 868 2974 in
886 2915 1005 2975 Aeneae
1028 2914 1143 2975 actibus
1166 2915 1293 2990 reperie-

278 3003 367 3061 batur
391 3003 470 3077 quod
494 3004 596 3079 aliqua
614 3004 729 3064 valeret
748 3006 938 3064 excusatione
958 3004 1084 3063 delendi.
1121 3006 1148 3062 si
1166 3008 1192 3061 te
1209 3003 1294 3062 uultu

277 3097 370 3150 meoet
393 3098 542 3152 laetarum
563 3094 659 3167 plocio
681 3110 788 3162 rerum,
812 3091 976 3152 Ascanium
998 3096 1161 3167 serpentem
1184 3096 1211 3150 ct
1229 3109 1294 3165 spes

235 3181 390 3241 soleretis
413 3182 476 3241 Iule
498 3185 614 3254 respice,
638 3184 686 3240 cot
710 3199 832 3257 reguum
854 3183 963 3242 Italiac
985 3183 1177 3256 Romanaque
1200 3182 1347 3240 retussis

349 3392 365 3438 5
384 3388 526 3441 meliorum
544 3386 597 3439 LR
614 3387 749 3442 meliorem
768 3388 834 3441 edF.
891 3393 907 3441 6
925 3389 1109 3455 contempsisti
1128 3388 1170 3442 ed.
1187 3388 1191 3457 Ι
1212 3403 1293 3441 ewra·

276 3464 337 3511 rest
351 3457 376 3509 R
394 3475 492 3512 curare
510 3465 541 3512 ut
558 3476 580 3511 r.
636 3464 652 3511 8
671 3460 784 3513 retineri
802 3459 855 3511 LR
874 3475 942 3512 corr.
958 3458 982 3511 U
1001 3458 1044 3512 ed.
1101 3464 1134 3511 13
1153 3459 1294 3525 sufficerat

276 3529 330 3581 LR
347 3529 490 3595 suffecerat
507 3546 522 3581 r
540 3529 583 3582 ed.
645 3534 678 3582 14
697 3536 801 3584 etcum
820 3529 873 3583 LR
890 3531 936 3584 sed
954 3529 1034 3584 oed.
1100 3536 1133 3582 le
1148 3535 1294 3597 potestates

275 3600 329 3652 th
344 3602 487 3668 potestatis
505 3600 548 3654 ed.
580 3604 583 3668 Ι
617 3601 669 3655 illo
687 3600 740 3653 th
757 3602 803 3655 tlte
821 3619 842 3654 r.
923 3605 956 3653 19
974 3607 1048 3655 strue
1066 3600 1092 3652 lt
1111 3617 1179 3653 corr.
1199 3617 1220 3651 r.

277 3676 311 3725 20
331 3677 402 3725 tract
420 3671 484 3726 reL
503 3679 591 3727 tratre
604 3671 630 3724 R
648 3678 794 3726 tractores
812 3673 918 3727 trahere
936 3672 992 3725 ed:
1013 3672 1048 3724 of.
1059 3678 1119 3725 276.
1176 3675 1209 3724 23
1227 3670 1265 3724 vet

276 3742 377 3865 inqu&
394 3741 423 3796 L.
436 3812 466 3866 Cf
506 3743 660 3867 {dggtgpis
678 3742 730 3795 th
749 3744 808 3814 opis
827 3744 870 3797 ed.
890 3743 985 3814 deligis
1005 3760 1064 3796 nos.
1142 3748 1175 3795 29
1199 3760 1224 3795 v.

276 3829 415 3867 omon.
465 3829 631 3871 .e.·1.
1232 3861 1236 3869 .
