3250 4350
344 412 387 478 26
622 412 763 469 DONA'I'I
780 412 949 467 INTERPR.
969 411 1078 467 VERG.

342 584 426 642 venti
452 584 484 641 in
512 585 661 659 potestate
688 602 768 656 mea,
797 582 955 658 praevenit
982 584 1071 640 antea
1103 584 1133 640 et
1165 582 1212 641 ait
1244 582 1360 658 plenam

342 670 434 730 habea
460 673 621 755 inventos
648 672 802 731 licentiam
830 674 861 730 et
887 670 1009 730 tenendi
1035 673 1066 729 et
1093 669 1279 744 dimittendi,
1298 672 1360 730 eri-

343 761 433 839 gendi
455 760 563 822 fluctus
587 764 617 820 et
639 760 781 837 placandi
802 761 997 837 potestatem
1029 778 1100 818 nam
1121 760 1180 818 tibi
1203 759 1362 819 semdae

342 870 410 909 rum
437 852 573 910 omnium
600 853 630 910 et
657 851 813 908 hominum
840 867 891 908 rex
919 851 1063 909 concessit
1090 850 1122 907 et
1143 847 1283 908 tradidit
1318 867 1364 908 xe

343 938 455 999 diceret
481 939 592 999 Aeolus
620 938 714 998 habeo
742 938 864 1014 quidem
890 940 923 996 in
950 941 1054 997 ventos
1082 938 1281 1014 potestatem,
1301 936 1365 1003 sed
1378 954 1392 995 -1

342 1046 402 1088 non
433 1029 509 1087 mihi
540 1029 612 1088 licet
642 1047 724 1087 mare
754 1027 943 1104 perturbare,
976 1026 1056 1102 qnod
1082 1029 1128 1086 est
1155 1025 1210 1085 sub
1240 1027 1365 1087 alterins

343 1136 444 1196 regno,
471 1118 583 1178 idcirco
612 1117 688 1176 dixit
711 1120 741 1176 et
763 1119 944 1193 potestatem
973 1116 1116 1192 accepisti
1141 1117 1175 1173 in
1201 1118 1314 1177 ventos
1338 1119 1366 1176 et

342 1208 447 1281 maria,
471 1226 537 1266 oum
557 1207 686 1266 volneris
705 1206 881 1282 parturbare
899 1207 1031 1264 inmissis
1048 1204 1146 1264 ventis
1165 1205 1215 1264 rel
1233 1205 1367 1281 placare,

343 1315 410 1355 cum
439 1315 488 1355 eos
516 1297 683 1355 retinueris.
738 1298 816 1354 certe
844 1298 875 1354 et
901 1293 979 1353 illud
1010 1292 1198 1353 sentiendum
1232 1296 1281 1352 est
1312 1313 1367 1354 nec

342 1388 459 1445 metuas
481 1386 655 1460 Neptunum
678 1384 734 1442 hac
756 1386 789 1442 in
811 1386 911 1459 parte,
939 1385 1011 1459 quia
1034 1383 1134 1458 potior
1156 1384 1201 1441 est
1225 1381 1397 1459 Iuppiteres

344 1476 397 1549 qui
414 1472 470 1532 tibi
488 1474 566 1532 hanc
584 1475 738 1533 licentiam
757 1472 847 1532 dedit.
885 1474 993 1548 incipit
1011 1474 1074 1531 iam
1091 1470 1248 1530 insinnare
1267 1474 1368 1548 ipsam

343 1579 465 1621 oausam
501 1562 601 1622 11111111
636 1580 707 1637 pecs
744 1563 877 1621 inimicia
912 1562 985 1621 miti
1021 1561 1204 1636 Tyrrhenam
1243 1563 1368 1636 navigat

343 1668 451 1724 aequor
474 1651 569 1710 Ilium
591 1654 624 1710 111
646 1651 770 1710 Italiam
788 1656 915 1724 portans
938 1652 1082 1723 victosque
1098 1653 1239 1724 penates:
1262 1652 1367 1711 omnia

343 1742 537 1816 proponentis
561 1744 592 1799 11
613 1740 939 1817 respondentisstudio
959 1742 1169 1798 memorantur.
1208 1738 1262 1798 hic
1285 1740 1367 1801 enim

343 1848 402 1888 non
435 1830 601 1888 nominavit
628 1828 764 1903 Aenean,
796 1849 833 1888 ne
866 1828 978 1887 diceret
1004 1828 1115 1886 Aeolus
1147 1845 1207 1886 non
1241 1844 1396 1904 possumis

343 1918 459 1994 aliquid
481 1918 580 1976 moliri
604 1918 745 1978 adversus
768 1920 908 1994 nepotem
926 1917 1006 1977 Iovis
1030 1918 1084 1992 qui
1105 1916 1181 1974 mihi
1198 1917 1366 1992 imperinm

343 2006 433 2066 dedit.
480 2009 524 2065 ait
552 2026 623 2084 ergo
654 2027 738 2085 gens,
772 2026 849 2082 quae
883 2007 1063 2084 generalitas
1096 2023 1203 2063 nomen
1232 2006 1365 2081 speciale

343 2099 516 2174 suppressit,
537 2095 616 2171 quod
637 2100 758 2171 poterat
779 2096 914 2172 inpedire
933 2095 1120 2154 desiderium.
1164 2093 1285 2153 addidit
1306 2097 1364 2154 ini-

343 2188 421 2245 mica
448 2187 535 2261 mihi,
564 2205 622 2244 non
647 2186 723 2244 dixit
746 2205 801 2264 ego
825 2205 891 2245 sum
913 2186 995 2244 illius
1018 2185 1155 2257 inimica,
1183 2183 1235 2242 sed
1264 2186 1364 2260 ipsam

344 2276 499 2334 constituit
522 2277 683 2348 inimicam,
708 2278 794 2350 quasi
815 2276 969 2333 inferiores
988 2275 1135 2350 potiorem
1153 2277 1409 2348 111010111111111

343 2366 484 2442 gravavit
506 2365 561 2423 hoc
585 2384 691 2442 genere
710 2365 864 2439 Troianos,
883 2367 918 2422 ut
940 2365 1033 2422 etiam
1050 2365 1114 2439 ipse
1132 2360 1244 2419 Aeolus
1263 2382 1365 2422 rerum

344 2453 524 2531 indignitate
547 2457 698 2528 permotus
717 2453 904 2511 iracundiam
923 2472 1008 2511 suam
1026 2452 1149 2509 Iunonis
1168 2453 1365 2511 commotioni

344 2545 543 2619 coniungeret.
590 2543 664 2600 mihi
687 2561 758 2600 vero
782 2542 863 2617 quod
886 2544 942 2616 111,
966 2542 1022 2599 hoc
1045 2542 1092 2599 est
1113 2541 1243 2617 reginae,
1268 2543 1365 2600 sorori

343 2630 423 2689 Iovis
447 2633 478 2689 et
500 2632 633 2708 coniugi,
662 2650 739 2706 quae
763 2633 864 2689 omnia
886 2650 941 2706 per
963 2648 1128 2705 pronomen
1150 2628 1290 2707 intellegi
1312 2648 1363 2688 10

344 2719 403 2777 luit
432 2724 461 2777 et
489 2722 611 2795 propter
634 2719 843 2797 adrogantiam
866 2739 927 2778 non
950 2720 1083 2794 apertius
1106 2719 1186 2793 poni.
1233 2718 1364 2793 Tyrrhe
1377 2735 1398 2778 a

344 2826 415 2865 num
443 2809 567 2885 navigat
595 2827 720 2883 aequor,
749 2810 797 2867 rel
827 2808 906 2883 quod
930 2809 1048 2866 facilius
1072 2808 1185 2867 moveri
1207 2808 1240 2865 in
1263 2808 1365 2883 perni-

344 2897 420 2954 ciem
447 2898 656 2973 navigantium
683 2902 784 2973 posset
811 2898 860 2956 111
889 2897 968 2973 quod
990 2898 1122 2955 vicinum
1145 2898 1222 2954 11111
1244 2895 1365 2955 Italiae.

344 2984 434 3043 llium
467 2986 496 3042 in
525 2985 644 3044 Italiam
678 2989 815 3061 portans:
853 2989 948 3045 omnis
981 3002 1051 3061 opes
1084 3003 1152 3044 suas
1185 2993 1364 3061 omnemque

344 3073 544 3133 substantiam
576 3092 676 3134 secum
708 3078 845 3151 portam,
878 3095 953 3150 qnae
986 3076 1013 3133 si
1044 3076 1169 3150 perisset
1200 3092 1255 3149 per
1284 3074 1364 3133 idem

343 3166 475 3238 tempus,
502 3166 608 3223 novari
631 3167 778 3240 posterius
801 3184 862 3223 non
890 3168 998 3240 posset.
1044 3183 1081 3221 ne
1109 3182 1179 3221 1110
1207 3166 1400 3223 excusaretis

343 3253 456 3312 Aeolus
475 3251 597 3310 deorum
617 3271 714 3327 causa,
735 3253 842 3328 quibus
861 3253 1024 3331 cogebatur
1043 3253 1153 3310 inferre
1177 3252 1363 3326 violentiam,

344 3341 461 3401 addidit
493 3343 646 3416 victosque
676 3345 811 3418 penates:
849 3343 963 3401 seilicet
990 3341 1164 3400 metuendos
1196 3359 1257 3400 non
1291 3360 1363 3415 esse,

343 3455 557 3463 .-—..-..-—-—-

417 3519 430 3565 1
450 3529 510 3566 cieo
530 3528 583 3565 om.
604 3512 647 3565 ed.
753 3518 768 3565 6
785 3511 951 3580 proturbare
969 3514 1009 3579 (et
1027 3510 1112 3579 infra)
1131 3511 1184 3563 LR
1199 3513 1363 3580 perturbare

344 3583 387 3636 ad,
445 3585 675 3651 14-prcpocectia
689 3583 741 3636 th
755 3583 798 3636 ed.
816 3583 934 3651 respicit
953 3583 990 3637 ad
1008 3587 1138 3652 112119.
1155 3585 1159 3649 Ι
1175 3589 1364 3638 macerantur

343 3655 515 3710 memorat
543 3671 606 3708 eum
629 3669 744 3707 rasurae
767 3654 895 3724 vestigiis
912 3654 945 3706 R
967 3661 1080 3708 11111111·
1098 3672 1119 3707 1.
1195 3660 1228 3707 18
1252 3655 1364 3709 addidit

341 3728 416 3780 enim
434 3726 475 3781 ed¹
580 3726 772 3796 1110111111
787 3728 884 3795 poerit
902 3726 945 3779 ed.
1044 3729 1078 3778 30
1094 3726 1229 3793 petiisset
1246 3726 1290 3780 ed.

326 3801 363 3847 31
380 3815 472 3852 eausa
490 3798 545 3852 Ml
565 3798 618 3854 cdl
634 3817 751 3857 comam
771 3798 841 3855 edl'.
1139 3829 1142 3834 ·
1164 3848 1167 3853 .
