3250 4350
657 405 841 462 AENEIDOS
859 407 898 461 ΠΙ
1224 407 1290 473 265

267 577 405 636 membro
427 577 710 651 quaternarioque
736 578 790 635 coit
812 577 970 651 formidine
992 578 1129 651 scupus:
1161 595 1195 635 ex
1222 579 1290 636 visu
1308 581 1343 630 30

268 667 332 725 tali
358 668 556 742 occupaverat
582 655 688 744 frigus¹
705 664 840 724 membra
867 684 946 740 mea,
972 665 1068 742 frigus
1096 684 1214 742 quoque
1242 684 1290 724 cx·

270 757 358 814 cluso
381 756 479 815 calore
502 755 706 832 congelascere
729 756 842 814 fecerat
864 755 923 812 mei
946 754 1077 830 corporis
1105 756 1290 831 sanguinem.

269 846 380 920 itaque
406 846 520 904 factum
548 848 592 903 est
619 846 667 920 ut,
694 845 811 903 mutata
839 847 998 919 utrumque
1026 847 1148 918 natura,
1175 845 1290 922 lignum

237 953 252 994 5
270 932 413 992 funderet
435 932 611 1010 sangninem
629 937 659 992 et
676 933 841 992 humanum
860 951 965 1008 corpus
983 932 1149 1011 ingenitam
1168 935 1290 1011 sangui·-

268 1022 320 1081 nis
346 1022 543 1083 substantiam
567 1023 735 1101 denegaret.
773 1039 881 1081 rursus
904 1026 930 1081 et
952 1023 1072 1081 albrice
1094 1023 1203 1081 lentwm
1225 1039 1290 1080 oon·

268 1110 378 1170 cellere
403 1109 499 1171 vimen
525 1115 662 1185 insequor
685 1115 711 1170 ct
733 1128 841 1172 caucos
858 1113 978 1184 penitus
999 1115 1138 1184 temptare
1160 1111 1291 1170 latentis:

270 1202 350 1259 ulter
373 1205 399 1259 et
420 1201 541 1260 alterius
559 1202 689 1274 sequitur
707 1202 743 1260 de
761 1202 862 1260 cortice
879 1203 1017 1275 sanquis:
1040 1219 1108 1258 cum
1126 1199 1198 1276 quid
1214 1199 1290 1257 illud

271 1291 354 1348 esset
375 1289 515 1349 confusus
539 1290 649 1350 sentire
671 1310 732 1350 non
754 1308 881 1366 possem,
904 1289 1081 1365 repetitione
1104 1290 1186 1348 facta
1208 1289 1291 1348 volui

223 1400 254 1440 ro
271 1378 416 1454 experiri3
438 1380 632 1438 temerarium
655 1380 735 1438 enim
757 1379 857 1437 fuerat
878 1367 1073 1454 pronuntiare
1095 1378 1132 1437 de
1155 1398 1190 1436 eo
1211 1377 1290 1453 quod

271 1468 366 1527 semel
394 1466 535 1526 videram.
580 1468 705 1528 alterius
734 1468 769 1527 dc
797 1468 907 1527 cortice
939 1471 993 1527 aut
1022 1467 1143 1527 secundi
1169 1466 1290 1525 viminis

272 1555 409 1616 eiusdem
434 1557 511 1635 ligni
538 1562 591 1616 aut
619 1558 749 1616 alterius
769 1556 887 1634 generis
911 1557 1000 1630 dixit3
1031 1575 1121 1632 supra
1145 1556 1224 1614 enim
1247 1555 1291 1614 ait

272 1650 305 1704 et
333 1648 465 1721 myrtum
487 1646 550 1705 illic
578 1646 670 1706 fnisse
698 1650 728 1705 et
755 1665 893 1718 cornum3
928 1646 1029 1721 potuit
1055 1647 1135 1704 enim
1162 1646 1291 1704 alterum

271 1735 353 1812 ligni
375 1753 468 1812 genus
490 1734 587 1793 videri
608 1739 780 1811 temptasse,
800 1735 919 1812 quando
941 1735 973 1792 in
990 1735 1091 1794 >altero
1114 1734 1291 1811 sanguinem

226 1843 255 1886 rs
272 1823 360 1882 vidit.
405 1824 497 1883 multa
523 1841 641 1883 movens
670 1827 769 1883 caleto
800 1825 945 1898 nymphus
975 1824 1139 1884 venerabar
1169 1823 1291 1896 oprestis

274 1912 498 1986 Gradivumque
514 1918 641 1987 patrem,
667 1912 775 1972 Getuts
798 1916 849 1987 qui
866 1913 1018 1987 praesidet
1039 1913 1128 1980 arcis
1153 1909 1226 1986 [rite
1247 1929 1290 1971 sc·
1309 1917 1344 1965 36

272 2002 438 2061 canderent
468 2003 550 2061 visus
581 2018 719 2075 omenque
748 2000 908 2077 levarentJ:
943 2003 976 2060 in
1007 2003 1105 2077 prima
1136 2001 1291 2060 avulsione

271 2089 376 2167 potuit
402 2089 498 2149 videri
525 2109 624 2166 casus,
657 2109 726 2150 cum
755 2095 855 2150 autem
882 2093 915 2149 in
943 2091 1072 2150 secunda
1099 2090 1202 2149 eadem
1224 2108 1291 2164 rep·

271 2180 432 2257 perissem,
463 2182 653 2240 vehementer
685 2186 851 2241 commotus
882 2182 1039 2240 volvebam
1067 2182 1167 2239 animo
1195 2180 1291 2239 multa
1393 2224 1401 2245 .

229 2289 258 2330 eo
274 2274 367 2346 atque
391 2269 521 2345 diversa3
554 2269 710 2329 constabat
732 2272 813 2329 enim
838 2270 1013 2348 sangninem
1040 2270 1126 2328 illum
1154 2288 1291 2328 execran-

273 2358 347 2417 dum
366 2358 481 2435 aliquid
499 2358 675 2437 significare.
706 2360 853 2437 rogabam
871 2360 940 2417 deos
958 2359 1025 2434 loci,
1043 2362 1078 2418 ut
1096 2358 1291 2417 secundarent

274 2447 385 2525 omina,
409 2466 485 2523 quae
509 2466 572 2507 esse
595 2448 752 2508 constabat
775 2448 908 2523 adversa,
934 2451 989 2506 aut
1011 2449 1145 2506 levarent
1167 2448 1222 2505 hcc
1246 2450 1292 2505 est

272 2538 472 2595 inminentem
497 2537 647 2597 malorum
673 2539 792 2596 ruinam
820 2540 874 2595 aut
901 2539 1069 2596 averterent
1094 2536 1214 2611 penitus
1238 2539 1291 2594 ant

272 2626 409 2684 facerent
439 2625 589 2685 leviorem.
636 2627 722 2686 docet
752 2626 808 2685 hoc
840 2627 905 2686 loco
937 2625 1089 2703 Vergilius
1122 2624 1291 2700 prosperari

229 2732 363 2791 esposse
386 2734 440 2789 per
462 2714 533 2774 deos
555 2716 694 2775 humanis
718 2715 869 2790 obsequiis
893 2715 971 2791 quod
994 2715 1085 2773 fuerit
1107 2713 1195 2773 malis
1217 2714 1290 2772 omi-

272 2802 363 2863 nibus
391 2803 626 2863 demonstratum
648 2804 698 2863 vel
720 2804 815 2863 levius
840 2803 913 2863 fieri.
959 2805 1044 2863 tertia
1066 2803 1117 2861 sed
1134 2807 1291 2876 postquam

271 2894 387 2951 maiore
408 2893 528 2952 bestilia
550 2893 619 2952 nisu
638 2894 794 2969 ederedior
810 2894 988 2967 penitusque
1006 2894 1147 2951 adversae
1164 2891 1292 2950 obbertor

271 2982 417 3041 harenae:
440 2981 640 3060 cognitionem
658 3001 764 3042 causae
783 2983 890 3041 melius
909 2981 1079 3040 desiderans
1098 2982 1204 3055 facere,
1219 2982 1292 3039 licet

272 3072 337 3129 iem
359 3069 456 3145 primo
480 3073 511 3129 et
532 3074 662 3147 repetito
684 3072 764 3131 facto
788 3071 894 3130 fnisset
912 3074 1063 3145 conperta,
1081 3070 1171 3129 tertio
1189 3073 1291 3128 tamen

229 3178 344 3221 coeam
366 3160 449 3219 volui
472 3160 659 3220 manifestius
683 3160 934 3235 conprehendere,
961 3161 1046 3218 tenui
1073 3160 1197 3219 fortiore
1224 3158 1291 3216 nisu

349 3371 363 3419 1
387 3366 547 3432 formidinis
569 3366 595 3419 R
617 3382 686 3419 corr.
704 3383 727 3420 r.
824 3371 855 3418 11
878 3366 933 3419 eim
955 3366 987 3418 ia
1009 3365 1053 3419 bic
1070 3363 1122 3416 LR
1145 3380 1213 3417 corr.
1233 3379 1254 3415 r.

275 3442 309 3490 13
329 3438 389 3491 illie
406 3436 427 3489 L
446 3438 526 3491 ellum
543 3437 576 3491 R.
663 3443 695 3491 16
714 3439 809 3492 rite—
821 3442 853 3490 17
874 3437 994 3490 levarent
1012 3436 1092 3489 deest
1109 3435 1139 3487 in
1158 3434 1222 3500 LR,
1241 3433 1291 3486 sed

273 3507 442 3633 epleifiatur.
485 3579 496 3632 1
525 3514 557 3562 21
578 3510 691 3578 aliquod
701 3509 753 3633 ded.
837 3513 873 3631 22
893 3506 1168 3633 omphipsliffiominc
1187 3523 1202 3557 r
1219 3503 1289 3627 egil

272 3598 308 3704 “lb
329 3651 371 3704 cel
390 3585 705 3722 ῑὲυοὶωνξήῖἔύοῐιῃῗῗᾶῆ
717 3585 851 3720 pertenire
869 3595 982 3704 limitem.
996 3667 1017 3702 r.
1080 3591 1227 3702 tllioreiccrerg
1239 3618 1292 3699 ln

272 3738 384 3777 noscere
402 3740 416 3774 r
434 3722 477 3777 ed.
495 3722 586 3789 facere
604 3739 663 3776 nos.
763 3728 797 3775 29
817 3723 891 3789 facio
909 3720 964 3791 (bis
983 3720 1129 3788 scriptum)
1148 3718 1201 3771 LR
1218 3719 1291 3785 facto

272 3812 287 3847 r
306 3793 351 3847 ed.
426 3797 531 3847 29—80
551 3798 607 3847 tam
626 3811 685 3848 eam
703 3793 756 3847 th
774 3799 865 3849 tamea
883 3809 942 3847 eom
959 3810 975 3846 r
992 3809 1051 3846 econ
1067 3807 1123 3845 om.
1140 3789 1183 3843 ed.
