3250 4350
701 430 884 487 AENRIDOS
901 431 941 486 VI
1267 430 1333 495 559

318 598 358 659 ad
380 599 524 658 solacium
546 599 689 659 Palinuro
718 599 889 660 suffioerent
915 602 1108 676 perrexerunt
1136 599 1175 660 ad
1201 600 1334 659 fluvium.

317 691 429 757 macta,
451 689 507 749 hoo
531 692 576 748 est
595 687 722 767 Charon,
745 705 818 762 quos
839 691 902 748 tem
919 689 987 749 mete
1008 694 1043 748 ut
1058 687 1162 764 stycis
1173 690 1387 762 prospectem

318 778 356 836 eb
379 778 462 838 mede
478 795 536 850 per
557 781 677 837 teritum
698 795 802 837 memus
824 779 868 838 s're
888 779 1049 852 pedemque
1071 780 1221 837 advertere
1241 779 1334 851 ripae,

317 869 361 927 eie
373 869 461 940 prior
479 868 650 942 mareotem
667 868 751 928 dictis
769 870 856 940 etque
872 869 1006 941 increpat
1020 867 1105 927 altro.
1148 865 1228 942 qnod
1245 866 1334 941 ultro,

288 981 303 1022 5
320 955 399 1031 quod
414 955 510 1016 adhue
525 957 680 1031 venientis,
694 955 774 1032 quod
788 955 955 1035 adgressus,
974 956 1053 1032 quod
1066 956 1202 1031 increpat
1220 954 1334 1014 dietum

318 1048 373 1119 est,
390 1047 452 1103 iam
466 1046 700 1124 intellegendum
720 1047 765 1104 est
779 1047 921 1105 commoti
934 1046 1067 1105 futuram
1086 1063 1149 1105 esse
1164 1044 1333 1103 dictionem.

318 1136 449 1208 qusquis
473 1152 503 1194 es
525 1138 658 1194 armatus
681 1138 731 1208 qm
748 1137 850 1194 mostra
868 1134 910 1193 od
927 1137 1053 1207 flmuma
1071 1135 1174 1204 tendis,
1195 1135 1262 1206 sare
1280 1151 1334 1206 age

317 1224 389 1296 sem
406 1226 517 1293 emtus,
531 1225 592 1283 tum
609 1227 696 1284 meme
714 1228 740 1283 et
757 1225 904 1298 comprime
918 1241 1065 1298 gressum:
1088 1242 1154 1282 oum
1174 1223 1232 1282 duo
1250 1223 1333 1282 Veni·

316 1316 392 1388 rent,
416 1314 645 1373 commotionem
668 1332 753 1373 suam
775 1315 808 1372 in
836 1332 905 1372 eum
933 1313 1042 1372 direxit
1070 1332 1159 1388 quem
1181 1312 1259 1371 Vidit
1285 1330 1332 1370 ar·

273 1427 302 1466 ro
316 1405 445 1475 matum3
475 1406 600 1462 noverat
627 1404 707 1461 enim
735 1403 870 1478 exempla
893 1401 1056 1462 violentiae
1084 1401 1191 1478 quibus
1218 1401 1333 1460 turbati

317 1495 387 1550 sunt
411 1491 508 1550 inferi.
555 1493 621 1566 quis
645 1492 724 1550 enim
746 1510 850 1550 revera
877 1511 938 1552 non
959 1495 1139 1569 moveretur,
1162 1510 1229 1550 cum
1251 1490 1333 1550 Vide·

315 1583 364 1639 ret
392 1582 501 1639 tacitos
525 1581 625 1640 Venire
657 1599 711 1656 per
743 1580 860 1641 oooulta
890 1599 1046 1640 nemorum
1073 1582 1104 1639 et
1130 1582 1333 1656 propinquare

316 1671 454 1728 iuvenem
486 1671 590 1728 stricto
622 1667 785 1728 mucrone?
834 1670 939 1746 procul
971 1669 1061 1730 dubio
1094 1670 1215 1746 quidem
1246 1665 1334 1727 illinn

318 1757 436 1817 Charon
453 1758 589 1832 timebat,
606 1757 820 1835 interrogantis
837 1760 938 1817 tamen
956 1759 1030 1818 haeo
1048 1777 1106 1818 Vox
1125 1763 1170 1819 est
1188 1762 1219 1817 et
1235 1757 1332 1835 magis

274 1870 301 1911 rs
316 1849 448 1922 suspecti
471 1865 562 1923 quam
588 1849 739 1921 iniuriosi,
772 1865 840 1906 cum
867 1847 941 1905 dicit
970 1848 1035 1906 fare
1063 1867 1119 1925 age
1147 1866 1199 1906 our
1220 1849 1332 1906 Venias.

316 1939 418 2012 sperat
441 1939 471 1995 et
493 1937 588 1996 iustas
612 1939 737 1996 existere
759 1954 847 2011 posse
870 1954 974 1995 causas
997 1936 1149 2011 veniendi,
1171 1936 1243 1994 lieet
1265 1955 1333 1994 eum

315 2025 457 2084 terruerit
477 2028 614 2101 aspectus
628 2027 745 2084 armati.
786 2026 849 2083 iam
866 2026 957 2084 istinc
976 2026 1005 2082 et
1019 2027 1170 2101 conprime
1185 2043 1332 2101 gressum:

315 2115 444 2189 interea,
468 2114 561 2175 donee
583 2113 729 2175 adVentus
751 2116 798 2174 tui
826 2132 931 2175 causas
958 2114 1071 2189 edices,
1099 2113 1192 2193 defige
1215 2131 1332 2191 gressus

315 2208 384 2263 tuos
406 2224 461 2264 neo
487 2204 689 2281 progrediaris
713 2205 849 2263 ulterius.
894 2206 1068 2264 morarum
1094 2205 1141 2263 ee
1166 2204 1247 2262 loces
1269 2207 1385 2262 esesseo

274 2316 301 2357 so
316 2312 365 2368 an,
387 2295 499 2369 inquit,
526 2293 579 2352 ubi
601 2296 642 2353 sis
664 2295 781 2369 positus
803 2291 920 2353 nescis?
951 2294 1123 2353 umbrarum
1151 2294 1261 2369 quippe
1284 2292 1333 2351 hio

315 2382 399 2441 loeus
427 2386 480 2441 est.
525 2384 619 2441 eomm
645 2384 792 2456 musque
819 2400 956 2456 soporae:
988 2402 1107 2443 somnus
1134 2382 1183 2441 hic
1211 2383 1333 2456 superat

316 2475 347 2529 et
360 2470 500 2530 tenebrae
518 2471 624 2545 noetis,
643 2490 720 2547 quae
739 2489 847 2548 sopora
861 2474 907 2532 est
920 2473 976 2531 hoo
990 2477 1036 2532 est
1052 2471 1205 2531 abundans
1219 2490 1331 2531 somno.

316 2578 439 2634 corpora
458 2562 526 2619 oica
547 2562 634 2634 mesos
656 2559 758 2635 Stygio
780 2565 894 2620 semare
915 2564 1036 2621 carino:
1064 2565 1101 2620 ut
1123 2563 1225 2619 autem
1247 2560 1332 2619 vivos

315 2650 455 2708 traintem
469 2649 552 2710 nefas
567 2653 619 2710 est.
651 2667 704 2709 mee
721 2667 788 2709 cero
801 2648 927 2710 Alciden
944 2669 990 2709 me
1002 2668 1068 2708 sum
1081 2651 1206 2710 laetatus
1221 2652 1332 2707 mutem

274 2759 300 2801 ss
316 2739 460 2811 occepisse
492 2740 558 2797 lacu
588 2756 641 2798 meo
672 2739 784 2799 Thesea
809 2739 1042 2813 Pirithoumque,
1069 2740 1128 2800 dtis
1155 2756 1333 2813 quamquem

313 2827 405 2901 omitt
427 2831 513 2901 etque
534 2829 635 2887 mctctt
653 2828 766 2889 viribus
789 2831 897 2887 esseest:
919 2827 972 2887 dat
994 2847 1097 2888 eorum
1120 2828 1256 2903 exempla
1279 2828 1332 2903 qui

316 2916 396 2991 apud
419 2915 529 2975 inferos
553 2916 672 2976 inlicita
695 2916 912 2976 commisissent
934 2916 988 2977 sub
1012 2936 1048 2976 ea
1070 2919 1233 2993 occasione,
1252 2915 1331 2992 quod
1376 2915 1381 2922 '

315 3004 439 3063 deorum
458 3006 604 3083 originem
623 3005 771 3065 ducerent.
809 3006 984 3065 Tortoremn
1001 3006 1051 3065 e‘ttc
1068 3025 1161 3065 mamm
1179 3006 1384 3065 custodisses

389 3176 558 3229 lPatmme'
575 3174 619 3229 ed.
686 3175 854 3231 tacuissetis
871 3175 897 3230 V
915 3176 1025 3230 semem
1043 3176 1086 3229 ed.
1151 3176 1332 3229 edictionem

313 3245 340 3299 V
360 3246 520 3301 toeutimsem
538 3246 582 3301 su
652 3250 847 3314 Scompraeme
864 3246 898 3301 V.
964 3252 997 3300 10
1016 3248 1182 3317 exempla-
1195 3252 1226 3300 11
1246 3247 1332 3314 inferi

312 3316 459 3371 Vtemere
472 3320 542 3371 mut.
553 3317 596 3372 ed.
648 3323 681 3372 12
696 3316 964 3373 tacituchorr.ed.
1016 3316 1176 3386 13-14qo
1190 3317 1331 3387 (=quod)

312 3388 446 3443 helimeom
463 3389 576 3443 timeat
592 3387 618 3441 V
636 3389 744 3457 quidem
763 3389 842 3443 siloem
862 3390 972 3444 Otcrom
988 3395 1007 3443 t.
1024 3406 1075 3443 nos
1094 3391 1202 3458 quidem
1221 3388 1332 3443 muros

313 3467 331 3514 t
352 3458 396 3513 ed
467 3465 500 3513 14
518 3460 610 3514 maias
628 3458 654 3513 V
671 3461 760 3530 magis
778 3460 822 3514 ed.
888 3465 921 3514 15
940 3477 1001 3515 mm
1019 3459 1045 3513 V
1063 3478 1113 3515 eur
1130 3476 1181 3543 uos
1200 3460 1269 3528 qaid
1286 3460 1330 3515 ed

369 3536 402 3584 17
425 3531 508 3585 istinc
529 3529 710 3599 conprimeV
733 3546 802 3585 corr
818 3530 861 3585 ed.
891 3532 896 3602 Ι
929 3548 1048 3614 gressum
1072 3531 1153 3585 sed
1144 3549 1175 3584 m
1198 3530 1331 3585 lemmate

311 3618 435 3672 gressum
453 3600 604 3657 Vmerus
622 3616 657 3655 ex
674 3602 858 3670 sequentibus
876 3600 998 3671 irrepsit
1066 3608 1099 3657 18
1118 3605 1203 3657 dome
1220 3601 1246 3656 V
1264 3603 1331 3657 dmm

311 3619 358 3728 ed.
375 3673 487 3741 tedicus
548 3673 627 3727 dicos
644 3673 687 3728 ed.
749 3678 853 3727 18-19
872 3673 940 3741 dcte
904 3674 997 3741 fleeces
1014 3690 1061 3728 sees
1078 3680 1140 3729 tvos
1156 3673 1183 3726 V
1202 3690 1279 3725 eurr
1290 3674 1342 3722 eur

367 3748 401 3797 11
420 3743 701 3813 otVtelntat
719 3745 761 3800 ed
851 3749 887 3799 11
905 3744 1042 3802 aeotaV
1125 3749 1166 3796 ‘ab
1184 3741 1362 3809 uestitum

307 3831 363 3883 que
382 3814 410 3867 V.
425 3816 436 3882 l
452 3814 526 3869 mm
544 3814 571 3869 V
586 3816 644 3871 em
662 3818 706 3889 <ue
726 3816 803 3874 suu
821 3817 911 3892 non.)
930 3818 981 3875 eu
1042 3821 1079 3871 u
1103 3810 1317 3870 museum
1334 3798 1390 3847 eu
