3250 4350
298 396 363 452 XVI
702 398 909 455 PRAEFATIO

298 568 506 642 instrueretur,
533 568 656 627 tertium
683 567 831 627 decimum
853 569 977 643 librum,
1004 567 1058 644 qui
1081 586 1148 627 eam
1171 569 1316 646 cognitio-

298 674 367 715 nem
385 675 420 716 ex
439 657 660 716 commentariis
678 660 815 716 veterum
829 657 984 716 collectam
997 656 1140 732 traderet,
1154 657 1316 736 adiungere

300 747 498 804 constituerat
526 737 571 824 (7,
592 746 655 805 646
680 748 710 805 11
732 738 825 826 epil).
870 747 950 805 bunc
976 767 1014 807 ne
1046 745 1218 821 conficeret,
1251 765 1318 805 cum

298 834 380 910 ipsas
416 833 677 909 interpretationes
714 836 880 909 „incertum
916 838 1051 895 metuens
1088 836 1169 894 vitae
1207 837 1318 895 cursim

299 922 491 999 scripsisset‘,
510 926 604 982 morte
627 922 747 982 videtur
768 924 937 1000 prohibitus
956 941 1019 984 esse
1042 916 1093 1005 (cf.
1108 944 1136 983 v.
1150 925 1179 983 d.
1194 924 1319 984 Hoeven

298 1032 327 1088 p.
349 1005 415 1093 37).
461 1012 497 1072 de
520 1012 610 1071 titulo
634 1012 748 1072 codices
772 1015 975 1087 consentiunt,
997 1015 1058 1072 nisi
1080 1013 1161 1089 quod
1184 1012 1317 1072 Lauren·

298 1102 398 1161 tianus
426 1094 479 1183 (L1
503 1105 533 1160 et
554 1093 618 1182 Lu)
652 1103 682 1161 et
708 1101 874 1161 Vaticanus
902 1102 1004 1162 Tiberi
1034 1101 1143 1161 (llaudi
1173 1101 1317 1176 scribunt,

298 1191 475 1268 Regineneis
490 1191 603 1250 Tiberii
617 1189 743 1250 Claudii
778 1209 832 1250 nos
850 1192 973 1250 illorum
991 1192 1205 1250 auctoritatem
1223 1193 1318 1251 secuti

298 1297 408 1339 sumus
454 1277 769 1356 „interpretationum“
797 1299 907 1339 nomen
933 1279 1070 1340 Donatus
1101 1281 1167 1356 ipse
1204 1284 1231 1356 7,
1252 1281 1314 1339 646

298 1371 329 1427 11
351 1372 384 1428 in
406 1369 523 1447 epilogo
546 1372 682 1428 testatur.
729 1369 875 1447 genuinae
899 1370 972 1445 quin
995 1372 1109 1443 1111111,
1133 1388 1317 1446 quamquam

298 1459 382 1516 nulla
406 1476 509 1518 earum
532 1458 612 1534 apud
634 1460 749 1518 veteres
772 1458 807 1516 fit
829 1459 950 1533 mentio,
968 1477 1029 1518 non
1051 1461 1152 1533 potest
1174 1458 1316 1518 dubitari„

298 1549 428 1623 ineptias
452 1565 556 1606 eorum
579 1548 632 1623 qui
655 1565 704 1607 eas
728 1548 776 1606 vel
798 1547 996 1622 interpolatas
1019 1547 1068 1607 vel
1090 1547 1249 1607 mutilatas
1268 1546 1316 1607 vel

298 1635 507 1713 suppositioias
531 1654 594 1695 esse
617 1637 841 1696 somniaverunt
864 1636 969 1695 subtili
992 1640 1022 1696 et
1045 1639 1187 1696 accurata
1214 1636 1316 1712 dispu-

298 1725 413 1785 tatione
446 1745 473 1785 v.
493 1723 520 1783 d.
540 1725 663 1784 Hoeven
692 1746 721 1801 p.
741 1727 872 1785 21—32
905 1726 1058 1784 refutavit.
1104 1725 1232 1786 redeunt
1263 1744 1316 1784 eae

298 1815 418 1874 fabulae
446 1833 513 1873 oum
541 1813 579 1872 ad
606 1813 682 1873 alios
710 1832 823 1875 errores
849 1816 916 1873 tum
943 1813 982 1872 ad
1008 1815 1096 1874 illum
1117 1814 1316 1891 principalem

298 1923 357 1980 quo
385 1903 429 1962 Ti.
455 1902 612 1962 Claudium
638 1903 791 1962 Donatum
823 1922 891 1962 cum
919 1902 1006 1962 Aelio
1038 1903 1159 1963 Donato
1192 1903 1315 1963 conlim-

297 1993 401 2052 dentes
428 1992 519 2051 huius
548 1995 829 2052 commentariorum
856 1992 991 2068 reliquiis
1019 2012 1038 2051 a
1062 1991 1167 2052 Servio
1194 1992 1315 2053 traditis

297 2082 329 2141 in
352 2082 397 2141 Ti.
422 2080 539 2141 Claudii
561 2081 859 2158 interpretationibus
882 2083 981 2141 locum
1008 2081 1192 2157 quaerebant
1220 2100 1315 2157 neque

296 2172 493 2249 reperiebant.
539 2171 621 2231 aliud
645 2171 724 2230 enim
747 2172 792 2230 est
815 2190 903 2247 opus,
926 2170 1010 2230 aliud
1032 2170 1203 2245 consilium,
1232 2169 1315 2231 aliud

296 2262 459 2340 ingenium.
505 2263 634 2337 exceptis
661 2262 700 2321 iis
727 2261 864 2337 partibus
897 2280 973 2336 quae
1005 2262 1174 2336 temporum
1202 2261 1315 2320 iniuria

296 2352 329 2409 in
363 2351 573 2411 vetustissimis
610 2348 828 2426 exemplaribus
864 2350 1017 2425 perierunt
1054 2341 1103 2430 (4,
1128 2350 1314 2409 aec-621.

299 2441 488 2515 6,1-157.
518 2443 546 2514 7,
566 2440 751 2498 373-414.
784 2441 812 2512 8,
832 2439 1017 2498 457-730.
1052 2440 1103 2512 12,
1127 2439 1314 2498 cao—663.

299 2530 482 2589 ccc-754.
513 2529 697 2587 seo-846.
726 2528 839 2604 epilogi
860 2521 944 2608 finis)
966 2527 1052 2587 nulla
1074 2527 1133 2585 nisi
1155 2526 1315 2587 verborum

297 2618 413 2677 iactura
439 2619 521 2677 facta
548 2620 594 2677 est
622 2610 673 2698 (de
701 2616 851 2675 lemmatis
874 2635 902 2675 v.
921 2610 1025 2696 infra).
1070 2615 1314 2691 interpolationis

296 2708 328 2765 in
351 2706 501 2767 codicibus
520 2708 738 2782 antiquissimis
757 2706 875 2764 nullum
894 2709 1020 2781 apparet
1038 2704 1200 2781 vestigium
1218 2724 1314 2782 neque

296 2796 442 2855 librorum
464 2788 525 2876 H¹)
553 2798 583 2855 ct
612 2792 636 2854 Ο
666 2799 696 2854 11
722 2794 751 2853 U
779 2795 950 2870 scriptores,
979 2796 1032 2871 qui
1059 2812 1184 2872 magnas
1211 2797 1314 2870 partes

297 2888 467 2959 omiserunt,
486 2884 688 2962 interpolandi
710 2884 911 2943 temeritatem
934 2883 1127 2943 admiserunt.
1166 2882 1314 2959 quidquid

296 2976 328 3033 in
355 2975 411 3035 hoc
439 2993 545 3053 genere
572 2976 728 3050 peccatum
751 2975 796 3032 est
819 2972 947 3032 editores
970 2974 1177 3049 peccaverunt.
1222 2973 1313 3049 plane

296 3062 464 3139 adstipulor
490 3062 528 3122 iis
557 3082 632 3139 quae
655 3083 682 3122 v.
702 3063 730 3121 d.
749 3061 872 3121 Hoeven
895 3081 924 3137 p.
945 3063 986 3120 28
1010 3061 1097 3121 dicit:
1130 3079 1225 3137 „opus
1252 3060 1313 3121 Do·

296 3151 369 3227 11111,
391 3155 427 3211 ut
448 3170 526 3210 nuno
549 3153 673 3230 legitur,
700 3152 817 3210 nullam
839 3150 1080 3227 interpolationis
1103 3152 1312 3226 suspicionem,

296 3241 412 3299 nullam
433 3241 492 3300 nisi
514 3243 547 3300 in
569 3242 696 3319 singulis
719 3240 819 3300 verbis
842 3240 1029 3315 corruptelae
1052 3258 1171 3298 movere
1198 3243 1312 3315 potest,

297 3330 416 3407 aequali
439 3332 540 3389 tenore
564 3331 702 3405 decurrit,
720 3330 831 3405 ubique
855 3331 902 3388 sui
924 3329 1021 3389 simile
1040 3331 1093 3402 est,
1112 3329 1225 3404 optime
1244 3346 1312 3387 con-

296 3421 378 3495 gruit
400 3419 496 3477 indoli
518 3423 549 3479 et
571 3419 696 3479 consilio
720 3420 851 3479 auctoris
876 3438 911 3476 ex
928 3419 1115 3494 praefatione
1134 3435 1311 3494 cognoscen-

296 3507 368 3567 dis“.
403 3512 449 3567 est
471 3511 572 3567 tamen
595 3507 744 3584 quaedam
765 3509 901 3584 priorum
917 3508 1063 3566 librorum
1081 3524 1149 3565 cum
1166 3509 1312 3582 posterio·

295 3597 378 3657 ribus
411 3597 635 3657 dissimilitudo:
672 3617 741 3657 eum
773 3597 853 3657 enim
883 3616 997 3656 morem
1029 3615 1120 3672 quem
1146 3596 1179 3654 in
1206 3596 1311 3672 primis

354 3789 386 3853 l)
403 3786 440 3840 de
458 3785 633 3857 quibusdam
650 3785 737 3843 huius
751 3784 823 3842 libri
836 3784 1045 3842 additamentis
1055 3782 1187 3836 innocuis
1197 3782 1315 3835 13111111.

530 3905 572 3993 0
