3250 4350
663 449 846 506 AENEIDOS
864 451 890 504 Il
1222 452 1284 516 147

267 620 409 694 oendum,
442 638 586 696 personae
618 639 736 696 quoque
768 622 920 680 narraturi
950 619 1147 698 incongruum
1182 623 1286 696 quaeri

265 708 439 768 fabularum
462 728 567 788 genus.
612 709 754 784 quoniam
777 709 894 768 Aeneas
916 728 976 767 non
1000 708 1099 768 1111111
1121 711 1211 784 mala,
1234 710 1286 768 sed

266 800 392 874 propria
415 799 516 857 fuerat
538 802 712 858 narraturus
736 801 767 857 et
785 801 927 876 congesta
946 817 981 857 ox
998 798 1125 858 infinitis
1144 800 1285 873 adversis,

266 888 379 946 idoiroo
403 889 447 945 ait
469 887 628 946 infandum
650 889 755 964 regina
777 887 863 946 iubes
886 906 1029 947 renovare
1052 887 1193 960 dolorem,
1212 889 1284 947 'iro-

241 979 353 1038 1111111
386 979 421 1034 ut
454 994 524 1052 opes
557 980 587 1034 et
622 975 816 1035 lamentabile
852 995 977 1054 rognum
1014 979 1145 1035 aruerint
1176 977 1284 1035 Danai.

267 1065 348 1140 qnod
376 1064 452 1124 dinit
475 1066 587 1139 Danai,
615 1064 728 1124 abiecte
756 1065 1011 1141 pronuntiandum
1043 1069 1089 1124 est
1118 1067 1205 1141 quasi
1232 1066 1284 1125 ho

265 1157 362 1213 mines
385 1153 564 1214 intulisset
585 1153 699 1214 nullius
717 1153 1012 1230 virtutislroianas
1025 1158 1136 1213 ‘autem
1159 1173 1284 1232 magnas

265 1250 296 1301 et
318 1244 428 1302 marito
451 1242 604 1321 lugendas.
639 1261 776 1319 quaeque
798 1245 863 1318 ipse
885 1244 1053 1302 misen-ima
1075 1243 1139 1302 vidi
1162 1247 1192 1302 11
1211 1262 1282 1319 quo-

265 1353 334 1390 rum
357 1350 429 1408 pars
451 1351 562 1410 magna
580 1333 638 1390 fni:
660 1331 833 1408 perdiderat
851 1334 931 1391 enim
948 1352 1082 1410 regnum,
1100 1333 1178 1391 vidit
1195 1335 1282 1392 miso·

229 1444 254 1482 1o
265 1421 364 1479 randa
395 1422 428 1478 in
460 1422 552 1481 exitio
579 1420 686 1480 Politis
719 1424 750 1480 et
779 1420 907 1497 Priami,
939 1420 1016 1480 vidit
1048 1423 1186 1481 interisse
1215 1440 1284 1480 oum

265 1512 369 1586 patria
393 1512 489 1569 omnis
512 1529 584 1586 opes
606 1511 700 1589 regni,
719 1528 843 1569 uxorem
861 1529 979 1586 quoque
998 1510 1100 1569 amisit
1119 1515 1150 1569 et
1167 1513 1284 1586 patrem

265 1605 296 1658 et
323 1603 394 1674 post
421 1600 523 1658 omnia
548 1598 667 1674 perdita
693 1598 782 1658 malis
806 1599 902 1658 adhue
924 1601 1088 1658 innumeris
1111 1599 1282 1660 vexabatur.

265 1693 346 1747 oarte
379 1705 432 1746 neo
462 1690 561 1764 ipsam
588 1687 736 1747 Didonem
767 1690 800 1746 in
830 1690 918 1747 tanta
944 1687 1063 1748 laetitia
1090 1689 1284 1748 conveniebat

264 1776 371 1834 audire
394 1776 475 1852 quod
497 1777 577 1836 mala
601 1796 655 1836 sua
677 1777 762 1835 fleret
784 1795 968 1836 enumerans.
1014 1777 1124 1836 ideireo
1148 1777 1283 1836 additum
1389 1824 1393 1830 .

229 1890 252 1928 11
265 1871 311 1925 est
340 1867 407 1940 quis
435 1866 512 1925 11111
541 1866 633 1925 fando
659 1865 883 1941 Myrmidonum
910 1865 1098 1941 Dolopumue
1131 1871 1185 1924 aut
1216 1867 1283 1925 duri

264 1955 352 2014 miles
375 1953 460 2013 Ulixi
481 1957 629 2031 temperet
651 1975 670 2015 a
692 1953 846 2014 lacrimis?
890 1955 974 2028 talia,
996 1954 1106 2031 inquit,
1132 1955 1282 2014 desideras

265 2044 370 2102 audire
394 2042 433 2101 ab
456 2063 490 2102 ao
514 2046 567 2120 qui
588 2062 696 2119 passus
720 2047 773 2119 est,
798 2063 874 2119 quae
897 2046 923 2102 si
945 2044 1045 2103 hostes
1069 2046 1129 2119 ipsi
1151 2045 1284 2103 referant

264 2134 312 2193 vel
342 2131 480 2209 audiant,
508 2152 567 2193 non
590 2133 707 2209 possint
729 2152 747 2192 a
770 2132 889 2194 fletibus
912 2136 1085 2209 temperare.
1132 2133 1176 2192 ibi
1202 2133 1283 2193 enim

263 2226 324 2282 init
342 2240 419 2281 nnus
440 2241 475 2281 ex
493 2222 614 2283 Graecis
632 2222 877 2298 Achaemenides,
897 2242 984 2299 quem
1002 2224 1142 2282 fleturum
1161 2222 1281 2297 adserit,

227 2316 290 2372 rosi
318 2311 429 2370 'Iroiae
461 2330 547 2372 casus
579 2314 735 2387 acciperet.
782 2315 900 2388 tempus
932 2331 1051 2388 quoque
1080 2312 1159 2387 quod
1187 2314 1282 2388 quieti

263 2403 429 2475 hominum,
451 2419 512 2459 non
534 2401 645 2460 fabulis
669 2401 848 2460 attributum
867 2405 913 2460 111
930 2421 989 2460 non
1009 2420 1072 2460 esse
1091 2401 1281 2476 multiloquio

264 2489 485 2549 conterendum.
532 2489 610 2565 quod
642 2490 687 2549 ait
718 2493 748 2548 et
779 2493 842 2549 iam
873 2509 932 2549 nox
958 2489 1061 2548 umida
1088 2490 1169 2548 eaelo
1195 2508 1281 2564 prae-

263 2582 373 2655 cipitat
405 2578 588 2654 suadentque
620 2579 757 2638 cadentia
785 2579 883 2639 sidera
909 2597 1041 2654 somnos,
1074 2577 1211 2637 nonnulli
1238 2578 1281 2637 sio

263 2667 458 2745 intellegunt:
481 2687 540 2728 nox
561 2670 780 2744 praecipitatur
802 2669 885 2727 oaelo
903 2672 933 2727 11
951 2670 1132 2744 praecipitat
1149 2666 1282 2743 positum

225 2779 249 2818 11
263 2778 318 2833 pro
347 2757 573 2833 praecipitatur.
620 2758 670 2817 sed
698 2776 758 2816 non
785 2757 830 2815 ita
858 2760 904 2816 111
926 2761 957 2815 11
979 2758 1075 2834 magis
1099 2757 1143 2815 sio
1164 2756 1281 2815 intelle-

263 2852 355 2923 gatur
378 2849 508 2922 oportet:
532 2850 562 2905 et
583 2847 645 2905 iam
663 2865 722 2905 nox
739 2846 843 2905 umida
862 2847 944 2904 oaelo
962 2846 1145 2922 praecipitat
1161 2863 1281 2905 somnos

264 2935 451 3011 suadentque
475 2935 613 2993 cadentia
632 2935 731 2995 sidera
748 2953 877 3009 somnos,
895 2936 930 2993 ut
947 2934 1004 2993 hoo
1021 2934 1102 2993 idem
1121 2934 1282 2994 suaderent

263 3025 404 3083 cadentia
426 3024 525 3083 sidera
549 3024 628 3099 quod
649 3043 708 3083 nox
730 3024 834 3082 umida
857 3025 939 3082 eaelo
961 3023 1188 3100 praecipitabat.
1224 3024 1280 3089 hoo

263 3115 362 3173 voluit
384 3113 494 3172 dicare:
517 3112 579 3174 iam
601 3113 701 3171 media
723 3132 781 3171 nox
805 3111 963 3189 absumpta
987 3116 1040 3187 est,
1059 3114 1085 3171 si
1109 3112 1228 3189 quidem
1250 3118 1280 3171 et

225 3224 250 3263 ro
264 3221 339 3260 aura
370 3201 473 3261 umida
502 3203 564 3262 iam
596 3205 694 3279 ooepit
722 3207 752 3261 et
779 3203 878 3262 sidera
904 3202 936 3259 in
964 3220 1102 3260 oooasum
1130 3200 1278 3260 labuntur.

262 3292 336 3350 haeo
365 3290 445 3349 onim
472 3310 532 3350 non
558 3290 635 3350 fiunt
656 3294 716 3351 nisi
738 3293 870 3350 maxima
892 3293 987 3350 noctis
1011 3294 1096 3367 parte
1119 3294 1278 3349 transacta.

264 3382 314 3439 sed
343 3382 370 3439 si
396 3382 500 3439 tantus
528 3399 613 3439 amor
627 3399 725 3440 oasus
754 3399 930 3459 eognosoera
956 3384 1074 3439 nostros
1098 3383 1128 3438 et
1150 3380 1280 3438 breviter

263 3470 371 3530 Troiae
395 3487 565 3544 supremum
589 3469 691 3527 audire
713 3469 856 3544 laborem,
874 3488 1057 3545 quamquam
1080 3468 1196 3527 animus
1218 3487 1278 3525 me·

263 3558 385 3617 minisse
408 3559 511 3616 horret
533 3560 675 3634 luotaque
697 3558 823 3635 refugit,
846 3558 1001 3633 incipiam:
1035 3560 1074 3631 si,
1097 3560 1209 3633 inquit,
1232 3575 1279 3614 res

335 3771 349 3817 1
364 3761 789 3834 11119111111111111111111
803 3763 846 3816 ed.
897 3764 1044 3817 41111111
1054 3762 1139 3815 omR
1149 3761 1212 3814 add.
1221 3778 1241 3814 r.

264 3836 437 3905 testqaasi
455 3833 508 3886 LR
525 3841 550 3888 et
568 3851 611 3902 qa.
627 3834 670 3889 ed.
737 3840 769 3887 12
788 3833 1140 3890 rrarslta‘lturutisr=lr¹

1018 3927 1072 3981 10*
