3250 4350
596 451 598 454 ·
701 421 884 476 AENEIDOS
904 422 929 474 V
1262 422 1329 487 465

313 592 474 666 conplexus
498 590 647 665 estquod
670 594 796 666 putatur
819 590 960 650 omisisse.
1006 609 1094 660 aum,
1116 593 1143 649 si
1166 594 1214 650 oui
1235 593 1330 650 virtus

314 684 489 753 animusque
506 684 539 738 iri
552 685 667 753 pectore
680 697 832 753 praesens,
851 681 942 738 adsit:
964 680 1156 738 hortamenta
1174 682 1245 738 sunt
1261 681 1330 753 ista,

316 771 460 845 quoniam
474 770 583 827 durum
597 770 767 827 certaminis
787 787 880 847 genus
898 769 998 827 fuerat
1011 769 1231 844 propositurns3
1256 789 1331 844 quae

316 861 397 918 enim
420 861 573 917 transacta
596 860 715 916 fuerant
743 861 773 915 ot
801 858 943 917 carebant
969 859 1101 933 periculo
1130 862 1160 916 et
1181 859 1332 916 habebant

282 951 434 1024 spartem
458 949 619 1005 maximam
648 948 821 1022 voluptatis.
872 952 899 1005 et
920 950 1039 1006 evinctis
1062 948 1174 1005 attoiiot
1196 948 1332 1006 bracchio

311 1039 441 1111 palmis:
479 1037 702 1114 progrediatur,
734 1037 847 1111 inquit,
879 1039 910 1094 et
938 1036 1055 1111 primas
1083 1055 1150 1095 suas
1184 1036 1331 1095 caestibus

316 1129 451 1184 armatas
475 1126 612 1184 ostendat
636 1126 687 1199 qui
706 1128 819 1183 certare
838 1126 975 1184 voluerit.
1012 1128 1055 1184 sio
1073 1128 1116 1184 ait
1134 1130 1160 1184 et
1174 1127 1386 1198 peminum365

311 1232 435 1289 poppae
453 1218 593 1287 proponit
615 1216 765 1273 bonorem:
795 1233 876 1273 more
900 1233 952 1274 suo
975 1215 1031 1272 hoc
1054 1215 1137 1288 fecit,
1167 1215 1331 1290 propositio

319 1305 431 1379 quippe
458 1305 586 1377 praemii
609 1303 764 1362 confirmat
791 1303 919 1362 volentis
947 1307 978 1361 ot
1005 1303 1043 1361 ad
1071 1305 1220 1362 certamen
1248 1303 1331 1361 dubi·

270 1393 411 1452 rotantis
442 1393 568 1467 inpellit.
618 1395 721 1451 emtori
748 1393 876 1451 odotem
903 1410 976 1451 auro
1005 1396 1139 1466 vittisque
1170 1395 1332 1461 iuvencum,

318 1486 521 1554 suscitatque
548 1484 692 1555 inciperem
717 1483 834 1556 pateam
860 1483 972 1541 solacio
993 1484 1082 1558 victo:
1104 1484 1139 1539 ut
1165 1483 1332 1557 praemium

318 1573 397 1630 osset
419 1570 555 1643 victoris,
588 1572 731 1646 quoniam
758 1573 789 1628 in
819 1590 853 1629 eo
882 1571 941 1628 fuit
969 1571 1099 1644 utilitas,
1132 1570 1203 1629 victi
1232 1575 1333 1629 autem

318 1659 476 1731 solacium,
509 1661 651 1734 quoniam
682 1661 713 1716 in
747 1659 899 1735 speciebus
927 1678 987 1717 non
1019 1663 1122 1736 magni
1153 1662 1244 1735 pretii
1273 1679 1332 1718 non

318 1767 462 1826 magnum
481 1766 543 1807 esse
562 1748 749 1807 commodum
766 1749 875 1823 potuit.
911 1766 964 1807 neo
976 1767 1069 1817 moro,
1093 1752 1227 1807 contemto
1241 1753 1333 1808 castis

270 1856 301 1896 15
318 1857 385 1897 cum
403 1839 516 1895 viribus
535 1840 622 1911 ecfert
643 1855 697 1896 ora
715 1838 813 1896 Dares
835 1855 997 1912 mopooque
1014 1840 1112 1896 virum
1135 1855 1165 1896 se
1182 1857 1333 1897 murmure

318 1928 406 1985 toltit:
429 1928 497 2000 post
519 1926 638 1985 Aeneae
662 1926 774 1984 dictum
797 1928 882 1985 nulla
905 1946 988 1985 mora
1012 1929 1190 2002 interposita
1214 1929 1334 1987 emersit

318 2036 353 2074 ex
372 2016 483 2090 populo
502 2015 595 2074 Dares
618 2017 736 2092 ingenti
758 2034 890 2091 corpore,
912 2015 1025 2074 viribus
1048 2017 1151 2090 vastis,
1173 2018 1259 2074 tanta
1283 2017 1332 2074 ad·

317 2104 477 2162 miratione
501 2106 687 2179 cunctorum,
711 2105 745 2162 ut
767 2123 869 2180 presso
893 2123 1043 2163 murmure
1069 2105 1203 2163 universi
1225 2107 1332 2164 mentis

321 2214 392 2253 suae
429 2194 573 2252 miracula
611 2196 800 2253 testarentur.
860 2197 940 2253 sotus
971 2198 1022 2266 qui
1053 2196 1192 2253 Paridem
1223 2197 1388 2254 solitusato

270 2304 304 2343 ao
320 2284 489 2342 contendere
512 2288 626 2342 contra:
650 2284 790 2342 dicuntur
811 2286 899 2342 istius
920 2286 1039 2343 virtutis
1058 2285 1202 2359 exempla,
1225 2285 1333 2359 quibus

318 2372 491 2431 notissimus
514 2373 613 2430 fuerat
635 2372 780 2431 redditus:
804 2374 893 2446 solus,
917 2374 1025 2448 inquit,
1048 2374 1172 2431 idoneus
1194 2375 1333 2432 inventus

319 2462 437 2535 estqui
460 2481 527 2519 oum
546 2460 652 2520 Paride
672 2464 806 2536 certaret,
831 2462 984 2521 nominato
1007 2464 1039 2520 in
1063 2465 1216 2521 caestuum
1240 2464 1333 2521 certa·

319 2550 450 2607 minibus
474 2552 547 2609 viro
593 2551 648 2608 hoc
671 2552 742 2625 quia
764 2571 873 2627 parum
896 2551 963 2624 fuit,
986 2552 1034 2610 vel
1056 2570 1094 2608 ne
1117 2570 1176 2609 uno
1200 2552 1333 2628 exemplo

320 2640 384 2697 eius
408 2640 521 2717 gloriae
544 2642 756 2713 minuerentur,
780 2640 874 2698 adicit
897 2644 927 2699 et
949 2640 1123 2699 secundum:
1145 2642 1276 2713 idemque
1295 2641 1335 2699 od

271 2746 304 2787 25
320 2729 466 2786 turonium
489 2744 544 2801 quo
571 2732 718 2787 matrimus
741 2731 860 2788 occubat
881 2730 989 2788 Hector
1011 2732 1146 2788 victorem
1169 2730 1268 2787 Buten
1288 2733 1334 2789 in-

319 2819 404 2875 mani
422 2834 549 2890 corpore,
572 2820 670 2890 quise
688 2818 835 2891 Bebrycio
852 2821 970 2877 occicus
987 2817 1094 2893 Amyci
1112 2820 1147 2876 de
1163 2823 1244 2893 perite
1262 2822 1334 2893 fere-

321 2908 379 2972 bat,
397 2907 525 2978 perculit
548 2910 573 2964 et
594 2908 679 2979 soleo
701 2908 909 2965 moribundum
929 2909 1053 2966 extendit
1069 2910 1189 2965 borenc.
1229 2908 1262 2966 in
1279 2908 1336 2968 hoo

321 2995 455 3069 exemplo
492 2995 588 3052 multa
620 2998 692 3054 sunt
728 3015 803 3070 quae
840 2999 1005 3071 praesentis
1041 2996 1144 3055 laudes
1182 2998 1334 3056 extollant.

322 3086 396 3142 vicit
415 3085 480 3157 iste,
500 3086 608 3158 inquit,
633 3086 725 3142 etiam
743 3085 851 3157 Buten,
875 3103 942 3143 oum
965 3089 1042 3144 esset
1060 3088 1092 3143 in
1111 3086 1179 3143 aliis
1199 3089 1335 3145 certami⁶

270 3173 409 3234 sonibus
429 3175 537 3247 victor,
560 3175 703 3232 uictorem
728 3176 829 3251 autem
853 3192 993 3249 superare
1017 3175 1114 3251 gloria
1133 3178 1179 3233 est
1196 3178 1334 3234 maxima.

320 3264 438 3320 inmani
462 3280 596 3335 corpore:
624 3281 661 3319 ne
685 3262 763 3320 forto
785 3263 879 3321 talem
902 3264 1022 3322 vicisset
1046 3266 1098 3337 qui
1126 3267 1203 3322 esset
1230 3263 1335 3323 debilis

322 3370 455 3425 corpore,
478 3350 557 3408 huno
580 3353 672 3408 etiam
696 3354 738 3409 sio
761 3353 858 3410 voluit
881 3353 1043 3427 praeferre,
1072 3355 1106 3409 ut
1135 3353 1245 3411 diceret
1274 3372 1335 3411 cor-

395 3527 411 3572 4
430 3525 572 3574 trausacto
591 3520 643 3573 LR
662 3527 780 3575 tractata
797 3521 854 3575 ΗΠ
874 3522 917 3575 ed.
979 3527 995 3575 ὁ
1015 3524 1120 3577 cunctis
1138 3522 1159 3573 L
1179 3523 1294 3577 coiectis
1312 3522 1338 3575 R

321 3593 350 3645 in
371 3592 470 3646 einais
489 3608 557 3644 corr.
573 3609 594 3644 r.
677 3597 693 3645 6
711 3593 829 3661 pestibus
847 3592 876 3646 L.
957 3597 972 3645 9
992 3594 1136 3659 confirmat
1153 3593 1174 3645 L
1193 3595 1295 3647 invitat
1312 3593 1338 3646 R

319 3682 384 3717 r=
400 3663 429 3716 L.
496 3668 529 3716 15
547 3663 629 3729 ecfert
647 3663 669 3714 L
688 3665 727 3731 (ct
745 3663 830 3733 infra)
849 3665 926 3730 effert
943 3665 968 3717 R
987 3663 1029 3717 ed.
1098 3671 1130 3717 19
1150 3665 1274 3718 Paridon
1293 3664 1335 3717 ed.

378 3739 411 3787 32
430 3739 531 3788 certam
549 3734 570 3786 L
590 3741 657 3788 certe
676 3733 701 3786 R
719 3735 762 3787 od.
781 3736 863 3789 etiam
881 3752 940 3789 nos.
969 3738 973 3804 Ι
997 3737 1139 3803 praeferre
1157 3736 1199 3788 Lr
1213 3735 1338 3805 proferre

318 3806 349 3858 R
368 3805 411 3859 ed.
432 3808 436 3875 Ι
461 3806 561 3859 diceret
578 3805 630 3858 LR
649 3806 691 3858 ed.
711 3806 737 3859 d.
756 3811 834 3860 eum?
1209 3824 1212 3830 ’

376 3904 434 3944 Βοη,
450 3904 623 3954 intemaverg.
644 3906 689 3945 voL
699 3905 717 3945 1.
1093 3900 1133 3948 'sb
