3250 4350
606 447 612 456 ‚
699 384 883 457 Anunmos
901 385 940 439 Ν
968 414 970 417 .
1027 447 1029 451 ,
1265 384 1331 448 407

317 555 452 630 disputat
480 573 557 628 quac
584 555 616 611 in
643 555 776 630 homine,
805 573 880 628 quae
903 555 936 612 in
959 553 1124 631 virobono
1148 553 1247 612 officia
1270 571 1332 624 esse

317 644 452 716 debeant,
475 662 551 718 quae
573 643 690 701 Aeneas
713 662 773 716 non
795 642 904 702 habere
928 642 1087 701 diceretur:
1117 661 1186 701 cum
1208 662 1265 715 me,
1281 644 1338 711 vin-¹

317 735 397 808 quit,
425 734 557 792 cerneret
584 731 718 806 flentem,
746 732 869 790 duravit
895 730 1060 791 inmobilis:
1096 749 1164 790 cum
1186 750 1332 811 rogarem,

316 841 376 880 non
399 821 482 880 flexit
505 821 604 879 oculos
628 839 697 880 suos
721 813 827 902 (supra
848 823 927 879 enim
945 821 1021 879 dixit
1044 811 1139 900 (331)
1164 819 1234 894 „ille
1251 820 1332 879 Iovis

288 912 439 971 amonitis
470 911 586 968 inmota
617 909 739 967 tenebat
768 902 916 990 lumina“)
948 911 979 968 et
1006 928 1074 968 cum
1101 908 1237 967 futurum
1264 928 1333 984 pro-

316 1002 443 1058 testarer
474 1001 629 1057 interitum
660 1017 771 1073 meum,
808 999 925 1056 nullum
957 1018 1011 1076 per
1041 999 1181 1058 lacrimas
1214 1000 1334 1076 signum

316 1089 516 1156 miserationis
540 1087 671 1161 ostendit
691 1106 744 1146 neo
763 1105 865 1146 casum
883 1087 1009 1146 infelicis
1028 1089 1158 1153 amantis
1178 1087 1332 1165 ingemuit.

315 1179 388 1236 haec
415 1179 475 1236 tria
504 1181 572 1236 sunt
598 1176 705 1251 quibus
733 1177 821 1235 taciti
847 1177 982 1236 homines
1005 1175 1164 1246 ostendant
1187 1176 1259 1253 quid
1283 1195 1341 1255 ge·-

316 1270 402 1325 ratur
418 1267 553 1339 interius,
572 1266 599 1324 si
616 1266 807 1324 miseratione
826 1268 1015 1340 moveantur3
1039 1269 1093 1323 aut
1112 1266 1191 1323 enim
1209 1268 1333 1342 gemunt

276 1377 302 1415 ro
318 1357 371 1413 aut
401 1355 540 1413 lacrimas
572 1354 702 1413 fundunt
733 1357 786 1413 aut
818 1355 920 1414 oculos
949 1354 1080 1413 flectunt.
1127 1372 1201 1427 quae
1228 1355 1333 1427 quibus

316 1445 498 1516 anteferam?
543 1446 643 1516 tanta,
670 1445 782 1518 inquit,
810 1443 892 1502 mala
923 1443 1007 1502 iuxta
1038 1463 1098 1518 me,
1125 1445 1190 1501 tam
1217 1442 1339 1522 acerba,>

315 1537 379 1591 tam
403 1533 477 1596 dura
500 1534 657 1591 commissa
680 1534 751 1592 sunt
769 1533 872 1608 itaque
891 1536 961 1591 sunt
978 1533 1073 1608 paria,
1091 1534 1126 1590 ut
1145 1530 1340 1600 ordinatione¹

316 1623 538 1697 conparationis
557 1623 728 1696 aequentur
742 1623 782 1682 ,et
801 1621 948 1693 aliaaliis
966 1622 1113 1696 praeferri¹
1128 1639 1189 1679 non
1207 1621 1331 1696 possint.

315 1714 378 1770 ictu
395 1713 457 1769 icus
474 1727 526 1769 uec
544 1713 675 1769 martura
693 1711 772 1768 que
793 1728 846 1769 uec
862 1709 1023 1769 Saturnius
1044 1711 1115 1769 baec
1137 1711 1227 1770 caute
1244 1714 1333 1782 puter

274 1821 300 1860 15
316 1802 422 1871 aspicit
442 1802 557 1872 aequis:
589 1802 741 1858 ettamen
764 1799 846 1873 haec,
870 1818 936 1858 cum
959 1801 1038 1857 inter
1061 1801 1157 1858 omnis
1179 1799 1264 1874 fiunt,
1286 1801 1332 1857 in.-

315 1889 403 1947 iustis
426 1888 548 1947 deorum
570 1888 734 1946 luminibus
756 1889 885 1964 placent.
923 1890 1048 1964 apparet
1066 1907 1119 1946 cur
1135 1890 1265 1964 primam
1283 1887 1340 1968 1¹¹⁴:

315 1997 423 2036 nonem
450 1977 564 2053 posuit,
592 1979 664 2052 quia
691 1976 739 2036 vel
765 1978 871 2055 regina
898 1976 1021 2035 deorum
1047 1976 1200 2036 vindicare
1229 1976 1333 2048 debuit

315 2068 430 2126 iniusta
456 2068 504 2125 vel
534 2066 614 2141 quod
644 2066 724 2141 apud
751 2064 964 2144 Carthaginem
995 2066 1154 2143 praecipuo
1187 2066 1333 2142 coleretur

315 2156 364 2215 vol
391 2155 470 2232 quod
497 2154 558 2215 iam
587 2175 622 2215 ex
649 2155 717 2215 aliis
746 2158 823 2215 esset
849 2156 972 2215 inimica
994 2155 1140 2216 Troianis.
1185 2171 1332 2228 nusquam

271 2250 378 2306 actutu
405 2246 493 2318 rides:
525 2245 643 2321 quando
671 2246 703 2302 in
731 2244 788 2303 hac
815 2263 905 2305 causa
931 2244 1004 2305 fides
1030 2247 1098 2303 tuta
1120 2244 1332 2323 invenirinon

315 2337 430 2410 potuit,
462 2353 610 2410 nusquam
643 2336 695 2392 est.
743 2334 863 2411 egregia
895 2333 1021 2393 duorum
1053 2336 1210 2392 auctorum
1242 2333 1331 2414 dicta,

315 2423 528 2501 interrogantis
551 2442 651 2498 unum,
676 2423 804 2481 alterum
827 2423 998 2483 iudicantis.
1040 2422 1196 2481 Terentius
1220 2424 1331 2498 quippe

316 2514 361 2569 ait
394 2505 506 2592 (heaut.
528 2503 682 2592 2,3,15)
713 2531 785 2587 „pro
815 2512 966 2587 Iuppiter,
993 2512 1116 2570 ubinam
1143 2514 1188 2570 est
1214 2508 1331 2569 fides?“

315 2603 436 2676 putavit
463 2603 541 2659 enim
570 2600 768 2676 quaerendam
797 2600 969 2660 existimans
992 2618 1077 2676 posse
1101 2618 1264 2677 congruam
1285 2619 1336 2670 ref

270 2712 299 2752 25
315 2690 415 2765 periri.
461 2690 613 2765 Vergilius
641 2692 741 2748 autem
769 2689 915 2749 iudicavit
943 2689 1140 2765 quaerendam
1169 2707 1229 2747 non
1260 2707 1331 2768 esse,

315 2778 395 2853 quod
413 2780 538 2854 reperiri
556 2782 625 2838 tuta
642 2797 703 2837 non
720 2780 823 2854 posset
840 2778 1020 2853 perindeque
1035 2777 1229 2853 superflueret
1243 2777 1330 2837 fluxa.
1351 2817 1353 2823 ι

314 2868 423 2944 incipit
451 2885 621 2936 enumerare
649 2867 791 2927 beneficia
821 2886 889 2940 sua,
921 2887 1048 2944 quorum
1079 2867 1331 2942 contemplatione

315 2958 450 3032 oportuit
472 2958 621 3034 integram
642 2956 731 3015 fidem
753 2958 1022 3031 intemeratamque
1045 2958 1166 3015 servari.
1205 2956 1330 3024 eiectum,

315 3048 411 3114 litore,
444 3050 568 3120 epeuteru
601 3048 696 3120 except
727 3050 753 3104 et
783 3048 867 3119 repul
899 3047 1014 3104 demeres
1045 3046 1078 3104 iu
1104 3048 1193 3119 parte
1228 3045 1330 3114 locari,

270 3137 456 3197 secuissem
479 3136 612 3202 classem,
636 3136 726 3193 socios
748 3153 768 3193 a
790 3138 881 3193 uwrte
902 3136 1022 3193 reduci:
1052 3133 1192 3207 eiectum,
1214 3132 1384 3209 inquirere

388 3345 559 3393 Soateutaut
577 3338 619 3392 ed.
691 3344 723 3392 12
739 3340 837 3407 patric
856 3338 881 3390 R
895 3339 1107 3408 portor=L
1178 3343 1211 3391 14
1230 3336 1331 3399 icmR

314 3414 373 3464 iam
395 3413 452 3463 iam
475 3429 537 3461 r=
551 3410 581 3463 L.
674 3415 707 3463 15
725 3412 903 3464 eorumuur'ter
925 3426 1016 3464 omues
1033 3409 1086 3462 th
1108 3426 1199 3464 moues
1217 3426 1270 3462 om.
1286 3407 1329 3468 ed.

313 3500 376 3537 eum
395 3484 467 3535 iuter
485 3483 573 3535 omnis
591 3498 649 3536 nos.
667 3489 671 3553 Ι
686 3483 759 3550 fiunt
772 3481 825 3533 Lu
842 3481 975 3547 feriuutr
991 3481 1064 3547 struet
1081 3487 1107 3534 et
1121 3481 1163 3534 ed.
1221 3486 1253 3533 16
1269 3480 1329 3548 pri·

314 3552 446 3607 mumed.
508 3559 540 3605 18
555 3553 596 3606 ccl
609 3554 772 3621 quod-19
786 3553 829 3608 cel
842 3554 914 3620 quod
928 3551 1098 3623 LRuquee
1112 3552 1177 3605 edF.
1239 3557 1273 3604 21
1293 3556 1332 3604 eat

313 3624 369 3677 LR
387 3630 425 3677 eat
443 3630 504 3677 tutu
521 3624 588 3690 tides
606 3624 649 3677 ad.
723 3630 756 3677 22
775 3625 921 3678 terrentius
940 3623 992 3676 th
1010 3640 1079 3677 corr.
1099 3641 1120 3677 r.
1194 3621 1332 3691 teporat

313 3695 368 3748 [Β
378 3694 421 3748 ed.
430 3701 519 3763 poscet
532 3711 582 3749 nos
596 3697 712 3763 propter
724 3696 908 3764 superflueret.
964 3700 997 3747 29
1013 3696 1090 3749 litore
1104 3692 1312 3762 interpunctione

313 3766 579 3835 separavipropter
596 3767 712 3835 interpr.
786 3772 820 3819 30
839 3782 930 3821 amore
948 3765 974 3818 a
991 3784 1009 3820 a
1028 3773 1111 3820 rrrorte
1129 3783 1151 3817 r.
