3250 4350
595 384 597 389 .
670 340 853 399 sudamus
872 342 885 395 I
1246 341 1285 404 ll

262 513 369 569 utrum
394 509 518 586 aliquod
536 523 646 569 numen
664 511 713 568 vel
731 511 828 585 ipsam
846 510 991 571 Iunonem
1009 509 1146 569 laesisset
1162 509 1287 582 Aeneas,

262 602 308 674 ut,
328 619 398 658 cum
416 600 503 657 nulla
521 601 599 658 esset
617 601 749 667 inuenta,
769 598 958 659 confirmaret
976 598 1100 657 Iunonis
1119 600 1287 658 saevitiam.

263 689 394 763 ideoque
426 690 568 765 opposuit
595 688 744 766 insignem
770 690 884 763 pietate
912 691 1024 762 virum,
1057 690 1092 745 ut
1119 687 1288 748 ostenderet

267 778 458 836 innocentem
479 779 528 836 tot
548 778 669 836 volvere
693 794 779 836 casus
803 773 966 855 [insignem
987 779 1103 853 pietate
1124 779 1223 836 virum
1241 780 1288 836 tot

240 866 351 927 sadus
378 865 497 926 labores
525 863 682 942 inpulerit]
711 870 755 940 et,
784 866 864 941 quod
892 867 951 924 fuit
975 867 1112 944 gravius,
1139 867 1288 942 insignem

268 958 382 1032 pietate
405 956 514 1030 virum,
537 955 594 1014 hoc
613 956 659 1014 est
676 954 800 1013 deorum
824 956 968 1015 cultmem
987 958 1018 1014 et
1036 956 1188 1032 spectatae
1207 957 1288 1014 vitae

268 1046 427 1104 hominem.
466 1063 525 1120 quo
549 1043 615 1102 loco
638 1062 794 1119 possumus
818 1045 951 1103 conicere
974 1044 1048 1121 quid
1069 1044 1188 1102 factrua
1211 1047 1289 1103 esset

268 1133 465 1209 delinquenti,
485 1133 605 1209 quando
628 1134 671 1192 sio
690 1132 806 1192 adflixit
824 1135 985 1192 innoxium.
1031 1151 1108 1208 quae
1127 1134 1228 1191 omnia
1246 1134 1289 1192 sie

266 1223 300 1280 in
322 1242 417 1280 unum
440 1222 630 1300 rediguntur3
656 1241 726 1280 nam
748 1223 848 1296 irasci,
866 1240 935 1281 oum
952 1222 1102 1281 irascendi
1121 1240 1211 1281 causa
1229 1240 1290 1280 non

228 1333 255 1372 ro
267 1312 424 1388 suppetat,
458 1314 489 1370 et
519 1331 580 1370 non
608 1312 714 1370 satiari
741 1313 905 1370 innumeris
932 1311 1090 1370 tormentis
1123 1312 1228 1369 alienis
1259 1313 1290 1368 et

267 1399 456 1478 gravissimis
481 1400 599 1459 casibus
623 1401 751 1460 saevitia
774 1404 820 1460 est
838 1420 898 1460 non
916 1401 1046 1459 ferenda.
1085 1400 1165 1475 quod
1188 1403 1290 1458 autem

266 1492 299 1548 in
322 1490 458 1548 themate
480 1491 584 1564 posuit
606 1506 713 1548 saevae
736 1509 897 1548 memorem
919 1490 1043 1549 lunonis
1067 1488 1104 1547 ob
1127 1491 1214 1562 iram,
1242 1489 1289 1546 hic

266 1597 389 1654 quoque
413 1577 577 1637 confirmat.
623 1578 738 1637 interea
765 1579 823 1638 hoc
849 1579 974 1637 dicendo
1002 1579 1126 1642 instruit
1153 1579 1288 1636 homines

267 1667 306 1727 ad
333 1667 448 1726 bonam
474 1666 595 1726 vivendi
622 1668 778 1726 rationem.
825 1668 935 1726 bonum
961 1668 1041 1726 enim
1068 1669 1166 1726 virum
1194 1668 1290 1726 iustus

228 1756 355 1818 redelor
383 1755 472 1814 debet
494 1774 679 1815 commovere
703 1758 735 1814 et
757 1759 800 1815 sic
822 1775 877 1815 nee
899 1757 931 1814 in
956 1757 1071 1815 ultione
1094 1758 1135 1815 sit
1156 1755 1290 1815 inmode-

267 1849 353 1904 ratus
387 1863 442 1903 nec
474 1846 555 1922 ipsas
588 1847 726 1920 quamvis
762 1845 858 1904 iustas
894 1847 1071 1905 inimicitias
1109 1844 1221 1903 diutius
1258 1845 1291 1902 in

268 1937 371 1993 animo
400 1936 538 1992 retentet.
583 1935 639 1993 hoc
666 1934 822 1993 hominum
850 1952 942 2012 genus
970 1935 1094 1994 meliore
1117 1935 1290 1993 testimonio

268 2024 434 2082 Sallustius
465 2025 661 2099 prosequitur
692 2026 723 2082 et
754 2024 920 2082 contrarios
953 2025 1068 2083 occulte
1100 2023 1291 2098 reprehendit

267 2114 372 2172 dicens
404 2104 484 2194 (eat.
510 2113 543 2187 9,
568 2105 603 2191 5)
636 2116 684 2187 „et
717 2115 840 2188 aoeepta
871 2112 983 2170 iniuria
1014 2115 1168 2190 ignoscere
1200 2131 1292 2188 quam

224 2226 251 2265 ro
267 2203 413 2280 persequi
448 2200 627 2261 malebant“.
680 2205 828 2278 quantum
864 2221 934 2280 ergo
967 2201 1210 2278 reprehendenda
1247 2204 1292 2260 est

267 2293 356 2367 Iuno,
381 2309 459 2367 quae
482 2309 536 2350 neo
560 2293 676 2366 accepit
697 2291 817 2349 Aeneae
840 2291 983 2350 iniuriam
1006 2295 1037 2350 et
1064 2293 1107 2350 sic
1134 2293 1292 2367 persecuta

269 2384 316 2439 cst
340 2380 544 2440 innocentem!
589 2382 681 2439 etiam
704 2380 756 2439 diu
779 2381 955 2440 inimicitias
979 2382 1077 2439 tenuit
1099 2382 1184 2438 nulla
1206 2398 1292 2455 prae-

270 2469 396 2528 cedente
420 2469 582 2528 offensione
606 2472 758 2545 susceptas
781 2488 835 2528 nec
858 2473 906 2528 tot
928 2472 1032 2544 poenis
1057 2472 1087 2527 et
1110 2468 1292 2529 eruciatibus

269 2558 402 2617 insontis
425 2560 525 2634 potuit
548 2560 662 2617 satiari.
709 2558 845 2618 tautueue
873 2560 982 2617 auimis
1010 2559 1179 2616 caelestibus
1208 2558 1293 2616 irae?

222 2669 253 2709 rs
269 2649 303 2705 in
333 2646 458 2705 deorum
484 2647 635 2706 mentibus
663 2647 772 2707 lenitas
801 2666 836 2707 ae
863 2647 1016 2707 miseratio
1045 2650 1075 2705 et
1100 2666 1227 2721 pronum
1256 2646 1294 2704 ad

271 2735 521 2795 benefaciendum
553 2738 658 2795 votum
686 2754 748 2795 esse
776 2738 924 2795 convenit.
948 2735 1038 2795 ¹inde
1063 2735 1215 2813 Vergilius
1242 2736 1293 2793 ad-

270 2827 410 2899 miratur,
434 2843 501 2883 eum
525 2824 598 2883 dicit
620 2827 762 2883 tantaene
786 2827 894 2885 animis
918 2825 1096 2884 caelestibus
1119 2827 1196 2896 irae,
1222 2826 1294 2899 quia

270 2932 327 2973 neo
360 2914 475 2972 stimma
506 2915 597 2973 irasci
629 2913 737 2973 debent
769 2933 824 2973 neo
860 2916 1090 2974 commotionem
1127 2932 1213 2972 suam
1248 2915 1294 2969 in-

349 3160 363 3207 1
383 3162 478 3209 utrum
496 3155 610 3223 aliquod
628 3154 680 3207 LR
697 3171 791 3208 oerum
809 3154 882 3223 quod
905 3155 947 3208 ed.
1050 3160 1065 3205 3
1085 3157 1150 3222 post
1167 3155 1295 3223 opposuit

274 3242 351 3294 quae
370 3228 527 3295 sequuntur
544 3241 633 3294 usque
654 3225 691 3278 ad
709 3232 725 3278 5
744 3227 859 3295 pravius
877 3243 930 3279 om.
950 3227 1008 3280 ed:
1039 3241 1072 3278 ex
1096 3225 1198 3293 quibus
1222 3241 1295 3293 quae

274 3296 357 3351 uncie
374 3296 479 3351 inclusi
498 3313 549 3365 per
568 3296 792 3366 dittographiam
811 3296 957 3366 irrepsisse
975 3299 1064 3366 patet.
1166 3301 1182 3349 8
1201 3298 1295 3350 orauia

274 3370 314 3424 sic
333 3366 355 3421 L
374 3369 469 3423 amaia
487 3369 570 3421 etsie
588 3368 613 3419 R
631 3374 657 3422 et
675 3368 728 3421 del.
749 3386 770 3421 r.
881 3374 912 3420 11
932 3370 1063 3422 saevitiae
1081 3368 1108 3421 si
1125 3367 1147 3419 L
1165 3368 1296 3422 saeuitiae

274 3441 323 3511 sss
344 3440 370 3492 lt
392 3440 509 3494 saeuitia
532 3446 571 3493 est
592 3456 607 3492 r
630 3438 673 3492 ed.
785 3444 817 3492 15
836 3440 918 3493 etsie
936 3440 1023 3494 uecL
1046 3446 1072 3493 et
1089 3440 1130 3493 sic
1147 3456 1181 3492 ue
1200 3439 1225 3490 R
1248 3455 1296 3491 uec

276 3509 689 3578 om'ed.1iuruoderatusLR
707 3510 864 3564 moderatus
883 3512 926 3564 ed.
1028 3515 1059 3562 1‘1
1079 3511 1197 3564 retineat
1215 3509 1258 3563 ed.

278 3588 310 3637 18
325 3584 502 3651 persequitur
521 3581 565 3634 ed.
582 3585 586 3648 ι
603 3582 721 3635 οεοιιῑιαε
740 3581 792 3633 LR
811 3597 879 3635 corr.
899 3600 915 3635 r
932 3581 976 3637 ed.
1071 3586 1106 3637 rs
1127 3588 1243 3653 accepta
1260 3583 1305 3636 iu-

275 3670 355 3771 Ὗ
376 3652 480 3770 ξιξ-τ
497 3651 562 3703 Sall.
588 3652 637 3703 r‘url
662 3669 716 3706 aee.
743 3653 786 3707 ed.
903 3663 937 3713 25
957 3659 1107 3716 miseratio
1124 3658 1185 3713 tie
1209 3655 1322 3711 raieeri·

267 3737 315 3772 cor
340 3738 362 3771 a
415 3759 420 3768 ,
