3250 4350
679 407 864 463 Annumos
882 409 896 462 1
1253 412 1295 475 67
1315 414 1319 437 ¹

275 581 308 636 et
326 579 457 638 recessit.
490 579 636 653 conpletis
653 579 749 655 igitur
767 597 843 653 quae
862 579 1028 638 necessario
1047 578 1188 638 videntur
1204 580 1295 639 inter·

273 668 378 742 posita
400 667 487 740 redit,
510 671 544 726 ut
568 669 664 727 omnis
686 667 806 726 Aeneae
830 685 916 726 curas
940 686 975 726 ac
997 667 1188 745 diligentiam
1212 689 1294 729 mou·

273 759 352 815 stret
384 761 414 815 et
445 757 596 815 cautelam
627 757 735 831 optimi
765 758 845 832 regis
877 755 1023 816 ostendat.
1070 759 1114 816 ait
1142 757 1236 834 igitur
1263 761 1295 817 at

272 845 345 920 pius
367 845 484 906 Aeneas
506 864 561 920 per
582 848 701 904 noctem
722 845 854 920 plurima
876 845 1010 920 volvens,
1029 843 1080 920 [at
1091 848 1226 920 prismae
1244 849 1295 907 lac

244 936 358 996 aalma
386 935 456 994 data
480 939 533 1002 est,
558 937 636 994 eatae
658 935 788 1006 locosque
811 935 963 1007 explorare
980 950 1087 1019 acces,
1115 953 1189 1008 qaas
1211 941 1294 995 beato

273 1024 428 1082 aeeoeserit
449 1041 527 1091 oras,
551 1026 601 1095 qaa'
623 1028 740 1082 uacent
761 1021 847 1096 (aem
868 1024 980 1082 bacato
1002 1023 1102 1096 cada),
1129 1025 1294 1084 hominesne

271 1115 407 1186 suasae,
436 1129 574 1185 quaerere
601 1114 747 1171 coustituit
772 1114 913 1185 sociisque
944 1118 1045 1172 macta
1076 1111 1211 1188 referreJ.
1257 1114 1293 1172 de

272 1202 414 1276 plurimis
441 1202 622 1279 generaliter
648 1201 754 1277 positis
783 1201 954 1276 specialiter
979 1202 1082 1276 aliqua
1104 1203 1294 1277 persequitur

274 1309 353 1365 quae
375 1291 542 1350 necessario
565 1292 663 1350 essent
685 1291 926 1367 investigationis
948 1290 1097 1350 industria
1116 1290 1292 1368 colligenda.

230 1402 258 1440 ιο
273 1381 408 1438 trwtatu
431 1399 501 1458 ergo
524 1379 627 1438 habito
651 1379 767 1437 definiit
789 1398 866 1453 quae
889 1384 986 1438 essent
1008 1379 1200 1454 requirenda,
1226 1381 1293 1439 loca

271 1468 398 1542 scilicet,
421 1469 470 1528 vel
493 1488 570 1543 quae
593 1473 691 1527 essent
713 1471 862 1527 terrarum
884 1472 984 1544 partes
1007 1469 1055 1528 vel
1074 1469 1127 1543 qui
1143 1471 1292 1544 tenereut3

271 1557 451 1617 desertionis
474 1558 554 1616 enim
577 1557 747 1617 coniectura
769 1557 802 1615 in
824 1559 972 1615 incentum
993 1556 1167 1633 rapiebatur
1190 1562 1292 1616 utrum

269 1646 328 1705 illa
360 1647 428 1706 loca
459 1648 539 1705 ferae
572 1666 611 1705 au
642 1646 777 1706 homines
812 1646 992 1704 habitarent.
1046 1646 1161 1706 interea
1196 1648 1292 1706 multa

270 1736 445 1811 quaerenda
467 1736 619 1812 Vergilius
646 1734 787 1794 definiens
815 1734 940 1794 diversis
967 1735 1124 1811 generibus
1152 1739 1291 1796 executus

226 1847 255 1887 rs
271 1829 332 1900 est,
360 1825 393 1882 id
421 1828 466 1885 est
491 1824 656 1884 masculino
684 1830 715 1882 et
742 1823 886 1883 feminino
914 1827 945 1884 et
970 1828 1089 1900 neutro,
1118 1829 1147 1882 et
1169 1843 1291 1900 respou-

270 1933 358 1973 surus
379 1913 515 1973 omnibus
533 1917 639 1973 neutro
657 1912 769 1987 plurali
783 1912 942 1972 conclusit:
961 1913 1051 1986 locos,
1064 1913 1174 1988 inquit,
1188 1933 1291 1990 novos,

270 2021 347 2079 quas
376 2021 456 2074 oras,
484 2003 539 2078 qui
560 2005 695 2076 teneant,
723 2001 897 2061 hominesne
920 2002 1052 2076 seraone,
1075 2002 1164 2061 sociis
1187 2007 1291 2061 exacta

268 2093 391 2152 referre.
437 2093 558 2151 classem
589 2094 622 2150 ia
653 2108 776 2150 eoaceao
807 2108 960 2150 manorum
990 2092 1045 2150 sab
1076 2109 1150 2164 rupe
1176 2097 1343 2150 cacata310

268 2182 428 2241 arboribus
451 2181 583 2241 clausam
605 2183 714 2241 abeam
736 2185 823 2253 atquc
843 2182 1027 2241 horrentibus
1044 2182 1157 2240 umbris
1179 2183 1289 2250 occult
1391 2250 1393 2260 Ι

225 2273 334 2345 seipse
351 2287 411 2329 abac
426 2272 564 2344 qrada‘tar
582 2271 733 2329 comitatus
746 2268 866 2338 Achate,
881 2271 951 2329 biae
968 2288 1061 2329 masaa
1078 2271 1137 2328 lato
1155 2273 1290 2344 crispans

267 2360 391 2420 bestilia
422 2360 510 2432 serra.
556 2361 687 2419 exiturus
720 2378 788 2419 eum
817 2360 881 2419 solo
908 2359 1023 2419 Achate
1051 2378 1105 2418 nec
1131 2362 1164 2417 in
1191 2362 1290 2419 totum

267 2449 392 2508 inermis
420 2448 492 2523 fuit,
519 2467 557 2508 ne
579 2453 656 2508 esset
677 2450 868 2523 temerarius,
895 2467 949 2507 nec
971 2450 1004 2507 in
1026 2452 1123 2508 totum
1147 2452 1289 2523 armatus,

268 2557 306 2596 ue
329 2536 456 2596 timidus
479 2537 637 2597 videretur.
671 2557 739 2597 cum
757 2538 837 2612 solis,
856 2537 965 2613 inquit,
982 2536 1142 2596 hastilibus
1161 2538 1289 2614 geminis

268 2632 298 2686 et
326 2647 387 2687 uno
413 2628 507 2701 soci03
539 2627 595 2686 hoc
618 2627 698 2686 enim
720 2626 896 2702 expediebat
918 2626 946 2685 ei
969 2627 1022 2701 qui
1043 2626 1140 2684 iturus
1163 2627 1195 2683 in
1218 2627 1287 2684 soli·

233 2715 388 2776 estudines
416 2716 528 2789 fuerat,
559 2719 594 2774 ut
621 2718 699 2775 esset
728 2715 882 2791 expeditus
909 2718 1032 2790 propter
1063 2714 1288 2789 inquisitionem

269 2806 395 2863 celerem
428 2809 458 2863 ct
489 2807 640 2864 maturum
671 2804 814 2878 reditum,
847 2804 884 2883 ad
917 2806 1020 2863 omnia
1048 2805 1286 2879 circumspectus,

271 2895 364 2954 socios
397 2912 467 2953 suos
499 2896 581 2953 omni
613 2894 730 2952 cautela
758 2892 970 2953 communiens.
1015 2912 1086 2951 nam
1114 2893 1287 2952 consulendi

271 2985 351 3041 viam
377 2982 516 3058 praebuit
543 2982 659 3042 occasio
686 2982 747 3042 loci
769 3001 859 3057 quem
881 2983 1016 3056 superius
1039 2981 1197 3056 descripsit
1219 3000 1286 3040 cum

274 3071 380 3131 diceret
403 3074 467 3145 „est
488 3072 521 3130 in
544 3090 659 3131 secessu
681 3072 772 3148 longo
794 3068 895 3131 locus“
914 3076 945 3130 et
963 3075 1069 3144 cetera,
1088 3074 1122 3128 ut
1141 3075 1286 3145 appareat

218 3213 221 3240 Ι
246 3176 265 3215 u
274 3179 328 3219 non
342 3160 531 3236 superfluam,
545 3160 597 3220 sed
613 3160 811 3219 necessariam
824 3160 915 3219 fuisse
930 3159 1167 3235 descriptionem.
1196 3177 1285 3235 prop-

276 3252 350 3308 terea
373 3249 449 3308 dixit
472 3251 596 3309 classem
617 3250 650 3307 in
673 3266 802 3309 convexo
826 3269 980 3308 nemorum
1003 3248 1056 3307 sub
1079 3267 1153 3323 rupe
1179 3253 1285 3308 cavata

340 3443 354 3490 1
374 3444 399 3491 et
417 3438 524 3491 recessit
542 3453 595 3490 om.
612 3436 654 3491 ed.
744 3442 761 3489 4
779 3442 811 3490 ab
826 3437 1018 3503 primaru—7
1037 3437 1138 3502 referre
1157 3435 1237 3487 deest
1254 3435 1284 3487 in

280 3504 328 3574 LR,
347 3508 396 3561 sed
415 3508 580 3577 explicatur.
637 3513 669 3561 12
690 3507 862 3563 deuotionis
880 3507 923 3561 ed.
980 3512 1011 3559 17
1031 3508 1184 3574 ferorae-
1196 3511 1229 3560 18
1243 3524 1283 3560 re-

281 3578 338 3640 ferre
356 3596 409 3633 om.
426 3579 470 3633 ed.
535 3584 567 3632 21
587 3580 619 3632 ia
637 3585 723 3633 totam
741 3578 793 3631 LR
812 3580 924 3633 omaa'ao
942 3578 984 3631 ed.
1051 3583 1084 3630 22
1103 3584 1282 3631 aec-teme·

282 3651 362 3704 rarias
378 3668 434 3705 om.
449 3649 500 3705 edl
517 3656 583 3705 esset
601 3666 655 3703 om.
670 3647 736 3704 eon.
811 3655 845 3702 23
864 3650 987 3704 tumidas
1005 3649 1072 3704 edl‘.
1093 3652 1101 3720 l
1118 3649 1212 3719 iuquit
1230 3665 1289 3703 em.

284 3718 315 3771 ed.
401 3727 436 3776 25
452 3722 548 3789 fuerat
563 3720 616 3773 nli
633 3726 701 3775 esset
716 3723 746 3777 et
765 3722 906 3795 transpos.
927 3723 972 3780 ed.
1066 3729 1101 3779 tt
1124 3722 1229 3779 diceret
1241 3720 1304 3775 aa

281 3788 340 3841 diceb
351 3793 391 3843 ed,
414 3795 428 3856 s
451 3796 480 3843 et
493 3796 580 3843 cetera
598 3807 649 3845 om.
667 3792 708 3847 ed.

1055 3895 1090 3951 bt
