3250 4350
359 457 404 521 54
638 455 778 509 DOXATI
795 454 965 508 IXTERPR.
984 453 1092 508 VERG.

358 644 394 682 eo
417 623 507 700 quod,
527 642 597 682 curn
618 642 673 682 vas
695 624 819 699 aliquod
841 627 994 682 versatum
1015 624 1115 699 fuerit¹
1138 622 1266 681 effundit
1288 632 1362 680 omne

360 713 439 789 quod
460 711 599 772 habebat
639 713 672 770 in
694 713 765 771 Iove
787 712 883 791 igitur
905 712 960 772 hoc
981 732 1037 788 per
1057 711 1229 771 istiusmodi
1251 711 1364 770 verbum

358 802 455 861 voluit
476 803 693 878 demonstrare,
720 805 756 860 ut
782 801 952 860 ostenderet-
973 801 1017 860 sic
1038 803 1162 860 inimica
1182 799 1365 876 persuasione

358 903 546 968 perversum,
573 895 609 950 ut
633 891 666 949 in
692 890 827 950 sensibus
850 892 914 949 eius
936 891 1013 948 1111111
1034 891 1159 965 pietatis
1180 890 1366 948 remansisset

359 1000 450 1056 quam
475 984 626 1057 integram
653 980 733 1038 filiae
761 979 888 1038 debebat
915 983 947 1038 et
977 981 1088 1054 nepoti
1134 978 1297 1054 conpletis·
1313 977 1392 1036 181111

357 1069 495 1145 partibus
512 1087 657 1145 personae
674 1069 829 1145 publicum
847 1071 978 1145 gerentis
997 1068 1130 1127 officium
1146 1069 1289 1127 convenit
1306 1085 1367 1125 eum

358 1162 393 1217 ut
418 1161 550 1234 patrem,
579 1158 659 1233 quod
685 1177 794 1216 nomen
821 1159 986 1233 plurimum
1011 1158 1136 1232 pudoris
1162 1156 1255 1215 habet
1283 1156 1368 1214 etiam

358 1248 390 1305 in
413 1257 504 1306 causa
526 1249 676 1323 promissi,
698 1251 730 1304 et
752 1248 816 1305 eius
834 1247 916 1322 quod
933 1266 993 1306 non
1010 1250 1130 1304 tantum
1147 1245 1252 1304 liberis
1270 1264 1368 1304 verum

358 1327 451 1395 etiam
487 1339 616 1412 posteris
650 1339 691 1395 sit
725 1335 862 1394 omnibus
892 1336 1091 1410 profuturum
1135 1335 1249 1394 idcirco
1281 1335 1369 1412 igitur

357 1426 460 1500 posuit
482 1445 559 1501 quae
582 1428 623 1498 te,
641 1426 767 1502 genitor,
786 1427 935 1483 sententia
953 1422 1066 1484 vertit?
1103 1426 1191 1500 quasi
1206 1425 1240 1482 -si
1262 1424 1368 1482 diceret
1379 1437 1394 1478 11

357 1514 425 1589 quis
452 1517 498 1572 est
524 1516 556 1572 te
582 1514 684 1590 potior
710 1516 763 1590 qui
788 1516 891 1588 potuit
916 1517 1032 1572 vertere
1060 1515 1243 1572 sententiam
1269 1510 1368 1572 11181111

356 1604 409 1662 hoc
432 1604 562 1676 equidem
582 1621 717 1685 occasum
741 1604 849 1661 Troiae
870 1605 1017 1675 arcaque
1037 1605 1144 1661 minoe
1164 1602 1368 1675 solabar-fotis

357 1695 507 1751 matoria
528 1694 594 1764 fotu
616 1693 789 1765 repondens:
821 1692 947 1765 adlusit,
976 1693 1063 1766 qnasi
1083 1692 1184 1750 lances
1205 1691 1368 1773 ponderum

357 1782 513 1855 retineret3
536 1781 562 1839 si
586 1781 665 1839 enim
686 1784 756 1857 post
778 1781 889 1840 damna
907 1784 1106 1856 consequatur
1122 1781 1240 1838 lucrum
1258 1785 1290 1839 et
1307 1780 1367 1856 plus

356 1869 498 1945 ponderis
524 1870 634 1928 habeat
662 1873 715 1928 aut
741 1871 843 1928 meriti
870 1870 950 1945 quod
977 1870 1159 1929 lucrativam
1192 1873 1238 1928 est
1268 1872 1321 1928 aut
1346 1867 1391 1926 sie

356 1959 534 2017 tantundem
552 1961 699 2035 quantum
716 1961 817 2034 periit,
830 1959 935 2034 procul
952 1957 1043 2017 dubio
1061 1957 1312 2017 dissimulandum
1329 1959 1367 2016 est

356 2050 389 2105 in
412 2066 502 2107 causa
525 2047 640 2123 damni,
666 2067 733 2107 cum
755 2046 787 2106 id
810 2048 890 2123 quod
914 2048 1057 2106 amissum
1079 2049 1125 2105 est
1147 2047 1273 2106 alterius
1295 2065 1367 2105 com·

357 2136 439 2196 modi
456 2139 572 2196 ratione
591 2140 743 2213 pensatur.
780 2156 852 2194 nam
875 2137 944 2195 inde
968 2136 1161 2213 conpensatio
1184 2136 1305 2214 dicitnr,
1322 2134 1368 2194 nbi

358 2226 424 2300 quis
452 2229 571 2285 tantum
598 2227 738 2303 ponderis
765 2228 873 2302 recipit
900 2228 932 2283 in
960 2227 1022 2284 8118
1049 2226 1148 2301 specie
1171 2225 1367 2301 quantumin

358 2316 419 2374 alia
441 2316 600 2374 videbatur
622 2316 765 2374 amisisse.
811 2317 898 2391 ponit
921 2334 992 2392 ergo
1015 2315 1091 2373 hanc
1113 2319 1230 2389 partem
1255 2333 1290 2373 ex
1308 2326 1393 2390 per-s

358 2423 431 2463 sona
455 2408 517 2463 eius
541 2424 618 2479 quae
641 2403 761 2463 dolebat
780 2406 923 2463 amissum
941 2408 972 2461 et
990 2403 1119 2462 habebat
1137 2403 1368 2463 consolationem

357 2493 392 2550 de
416 2496 630 2569 promissorum
652 2512 705 2569 spe
723 2497 754 2551 et
771 2496 859 2568 ponit
877 2512 943 2551 cum
963 2495 1046 2551 omni
1062 2492 1254 2552 miseratione
1274 2492 1367 2551 dicens

357 2600 494 2641 occasum
512 2583 629 2658 monae,
651 2586 687 2641 ut
709 2582 878 2641 ostenderet
899 2600 962 2640 rem
985 2584 1147 2640 maximam
1170 2584 1202 2639 et
1224 2581 1368 2640 nobilissi-

357 2690 436 2728 mam
464 2672 608 2730 interisse.
655 2689 740 2730 casus
768 2673 848 2728 enim
875 2673 919 2729 rei
946 2674 991 2729 cst
1015 2688 1127 2745 parvae
1150 2671 1199 2729 vel
1221 2670 1369 2729 inferioris

357 2777 511 2835 personae,
535 2779 655 2819 occasus
673 2777 745 2820 vero
764 2759 884 2819 divinae
902 2761 947 2817 rei
965 2760 1014 2818 vel
1032 2777 1176 2835 personae
1195 2759 1369 2834 superioria
1381 2766 1409 2814 ab

357 2866 427 2905 nam
455 2850 526 2908 solis
555 2853 585 2907 et
612 2850 700 2908 lunae
729 2867 867 2908 occasum
894 2849 1033 2924 dicimus,
1063 2852 1183 2907 etcum
1206 2848 1368 2924 111111188-

357 2937 432 2996 clari
459 2939 509 2996 vel
537 2940 666 3014 spectati
691 2940 794 2996 meriti
821 2938 962 3011 obierint,
996 2957 1055 2996 non
1084 2939 1241 3013 praeventi
1267 2941 1368 3009 morte,

358 3026 409 3084 sed
437 3027 579 3087 occidisse
607 3027 753 3086 dicuntur.
799 3027 916 3085 addidit
941 3028 1094 3101 tristisque
1118 3029 1221 3085 11111188
1245 3026 1369 3096 solabar,

356 3119 392 3173 ut
414 3115 564 3174 adfectum
586 3116 708 3176 maioris
735 3116 937 3175 miserationis
965 3119 1101 3193 augeret3
1132 3135 1193 3174 non
1220 3117 1301 3173 enim
1328 3120 1369 3173 est

356 3204 539 3262 11118-1111118
571 3222 631 3262 non
662 3205 765 3264 tristis.
811 3206 884 3265 fatis
917 3207 1075 3264 contraria·
1100 3206 1166 3262 1818
1193 3205 1410 3279 rependenszs¹

356 3291 438 3364 fatis,
456 3293 564 3368 inquit,
582 3292 671 3351 malis
693 3294 858 3368 rependens
882 3296 947 3354 1818
969 3297 1129 3370 contraria,
1151 3293 1278 3352 hoc'est
1305 3312 1369 3352 con·

356 3399 467 3456 parans
490 3383 521 3440 et
544 3400 713 3457 exaequans
735 3383 817 3440 mala
840 3384 905 3441 fata
927 3386 998 3443 fatis
1023 3385 1189 3443 contrariis.
1229 3383 1282 3441 sed
1305 3401 1369 3441 con·

357 3470 472 3529 1181118
490 3488 550 3530 11811
578 3473 670 3546 quasi
703 3471 835 3530 adversis
867 3471 957 3545 dixit,
985 3472 1036 3530 sed
1065 3474 1169 3530 contra
1197 3472 1279 3530 mala
1305 3490 1370 3548 pro·

357 3608 569 3617 ———-.-

418 3693 540 3749 Madet
556 3694 599 3749 ed.
626 3701 633 3765 1
658 3695 710 3750 hoc
728 3712 782 3750 om.
802 3694 846 3750 ed.
920 3700 935 3747 5
955 3697 1062 3764 integra
1081 3694 1110 3747 L.
1151 3763 1153 3765 ,
1185 3700 1199 3746 7
1216 3697 1334 3764 pudoris
1350 3694 1370 3746 L

327 3759 451 3817 vaderet
465 3764 499 3818 Π
506 3766 599 3821 manu
611 3770 740 3839 'puderet
759 3768 787 3823 a
806 3784 823 3824 o
842 3784 931 3838 supra
950 3784 964 3820 e
981 3766 1080 3835 posuit
1093 3766 1158 3833 ipse
1174 3768 1300 3831 posteris
1315 3766 1369 3819 ed.:

336 3828 443 3887 adm&
457 3838 605 3904 praetuli.
705 3848 739 3899 15
758 3842 902 3915 ponderis
921 3856 981 3895 om.
995 3837 1042 3892 ed.
1121 3832 1288 3886 *8111811111
1304 3842 1328 3886 et
1343 3836 1386 3885 ed.
