3250 4350
343 401 369 455 X
750 400 957 455 PRAEFATIO

342 569 571 629 lestissimorum
594 570 737 629 iuvenum
759 568 879 630 amore“
901 570 1011 630 dixisse
1033 573 1159 647 putatur
1181 569 1275 646 „nibil
1293 569 1360 628 Deo

342 658 482 736 gravius“
510 677 573 718 esse
601 659 638 718 ab
667 658 831 719 editoribus
857 659 1074 736 interpolatum
1101 659 1215 718 codices
1243 658 1359 718 docent.

343 750 375 806 at
401 749 505 806 multis
532 747 621 822 locis,
648 767 776 824 quorum
801 751 979 826 praecipuos
1009 753 1038 823 1,
1057 749 1108 807 28.
1139 750 1212 808 442.
1241 739 1359 829 (tuot)

344 837 462 907 2165.
494 838 522 910 5,
539 840 611 897 709.
644 839 672 906 7,
687 838 762 896 259.
794 840 822 912 9,
838 839 911 896 247.
942 840 1016 898 404.
1049 839 1111 897 627
1142 857 1170 897 v.
1189 836 1217 896 d.
1235 836 1360 896 Hoeven

343 925 465 1004 collegit
492 918 582 1007 (111111
608 927 637 1002 6,
656 919 745 1008 230),
768 929 904 986 veterum
934 927 1058 987 deorum
1085 926 1179 986 cultui
1206 925 1360 984 addictum

343 1033 375 1074 se
398 1033 461 1075 esse
485 1015 624 1074 ostendit.

410 1103 521 1173 Quinto
539 1125 568 1181 p.
585 1104 959 1172 ornamentorum
977 1125 1038 1165 non
1055 1106 1251 1181 posteriorem
1266 1104 1359 1163 finisse

342 1193 412 1253 inde
440 1197 566 1270 apparet
594 1194 673 1269 quod
701 1195 821 1270 imperii
843 1195 973 1253 Romani
998 1197 1026 1269 1,
1042 1197 1082 1254 12
1108 1197 1138 1252 11
1160 1212 1278 1252 morum
1300 1193 1360 1252 Ro·

343 1302 500 1342 manorum
522 1286 678 1359 tamquam
695 1285 900 1359 praesentium
918 1285 1099 1344 mentionem
1118 1284 1204 1342 facit:
1227 1283 1264 1340 11.
1283 1300 1359 1358 quae

344 1372 380 1430 de
399 1372 478 1432 ludis
496 1373 595 1432 mimis
614 1373 751 1432 cantibus
774 1373 901 1449 picturis
924 1373 999 1431 dicit
1024 1376 1051 1448 1,
1068 1374 1140 1431 741.
1165 1373 1194 1445 5,
1210 1372 1260 1430 65.
1287 1371 1359 1430 128.

346 1463 418 1520 132.
435 1463 508 1521 144,
524 1463 597 1521 662.
619 1464 731 1536 7,172.
752 1463 781 1536 8,
793 1463 865 1521 287.
882 1464 945 1521 343
966 1455 1042 1542 (alia
1056 1461 1201 1537 quaedam
1216 1460 1360 1537 exempla,

344 1569 421 1626 quae
443 1549 580 1627 Hoppius
603 1571 632 1626 p.
653 1553 693 1609 21
724 1551 841 1626 attulit,
869 1555 925 1610 aut
952 1569 1060 1627 parum
1083 1551 1191 1609 idonea
1214 1552 1285 1608 sunt
1308 1552 1362 1608 aut

344 1638 383 1698 ab
406 1640 569 1700 editoribus
591 1633 798 1722 interpolata).
844 1659 898 1700 nec
921 1640 1074 1699 latinitate
1097 1659 1151 1700 sua
1174 1638 1213 1697 ad
1238 1637 1360 1696 inferio-

344 1747 407 1787 rem
426 1732 556 1788 aetatem
574 1729 734 1806 relegatur,
749 1748 825 1805 quae
843 1733 879 1788 ut
896 1730 1054 1789 verborum
1072 1732 1191 1788 tumore
1209 1730 1239 1786 11
1258 1727 1361 1787 eodem

344 1836 461 1893 semper
483 1819 580 1877 111111
604 1818 816 1879 declamatorio
840 1820 944 1878 stilum
965 1819 1053 1876 illum
1075 1836 1165 1894 quem
1182 1817 1360 1875 Africanum

344 1906 405 1964 dici
417 1909 582 1966 rectissime
596 1908 695 1967 vetuit
707 1907 830 1967 Norden
844 1899 962 1988 (1111111
971 1907 1158 1983 Kunstprosa
1172 1927 1200 1983 p.
1208 1907 1270 1964 591
1281 1898 1361 1986 sqq.)

344 1995 510 2072 profitetur,
534 1998 579 2054 ita
602 2015 620 2055 a
642 1996 778 2057 barbarie
802 1997 892 2075 longe
914 2000 1045 2056 remotus
1069 1999 1122 2055 est.
1164 2014 1235 2054 nam
1257 1993 1361 2054 odiose

345 2104 463 2160 quoque
481 2085 536 2144 illa
554 2085 704 2144 affectatio
725 2105 783 2161 qua
802 2086 1095 2162 plusquamperfecto
1113 2104 1168 2161 pro
1186 2084 1361 2160 imperfecto

344 2175 393 2232 vel
415 2176 557 2251 perfecto,
575 2175 739 2235 indicativo
762 2179 793 2236 et
813 2178 1004 2235 coniunctivo
1022 2177 1056 2234 in
1074 2175 1252 2251 quibusdam
1270 2192 1362 2232 enun-

344 2265 430 2323 tiatis
458 2267 625 2340 promiscue
653 2265 750 2324 utitur
777 2266 865 2324 modo
893 2268 1025 2341 tantum,
1052 2284 1112 2323 non
1135 2282 1241 2341 genere
1265 2261 1362 2322 Servii

345 2352 531 2429 aliorumque
564 2355 665 2429 quarti
697 2357 727 2413 et
759 2355 859 2431 quinti
890 2355 1002 2414 saeculi
1033 2356 1213 2429 scriptorum
1248 2370 1363 2411 morem

346 2442 498 2518 egreditur
521 2435 572 2523 (11.
588 2443 722 2503 7111111111
742 2444 780 2501 ad
800 2443 938 2502 Servium
959 2444 1176 2518 praefationem
1198 2462 1226 2518 p.
1244 2434 1362 2521 72sq.).

346 2532 377 2587 et
398 2530 451 2588 ubi
472 2531 595 2590 liberius
619 2535 715 2591 111111
739 2535 871 2591 excurrit
893 2535 928 2590 ut
952 2534 984 2590 in
1011 2532 1238 2608 prooemio,·in
1265 2530 1362 2590 decla·

346 2621 478 2679 matione
501 2619 629 2679 Amatae
655 2623 682 2695 7,
699 2623 772 2696 319,
795 2622 828 2679 11
851 2621 970 2699 epilogo
994 2622 1126 2680 eiusdem
1148 2620 1226 2693 libri,
1244 2619 1276 2676 in
1300 2618 1362 2694 epi·

347 2707 425 2766 stola
449 2708 487 2766 ad
509 2708 605 2767 filium
627 2709 681 2768 fini
704 2710 846 2783 subiecta,
869 2711 978 2769 bonam
996 2711 1076 2769 baud
1095 2710 1183 2768 dubie
1202 2708 1362 2766 dictionem

347 2813 410 2855 esse
446 2796 633 2856 indicaveris.
687 2801 856 2858 accuratius
894 2819 953 2875 qua
989 2803 1088 2859 aetate
1124 2799 1277 2873 scripserit
1313 2796 1362 2856 de·

345 2884 469 2943 finiendi
496 2886 611 2945 nullam
637 2887 724 2947 video
750 2890 845 2963 viam,
872 2889 932 2947 nisi
954 2892 989 2947 ut
1011 2907 1087 2965 quae
1109 2888 1310 2962 interipsum
1333 2889 1363 2944 et

348 2972 485 3032 Servium
507 2976 672 3035 intercedat
694 2979 773 3036 ratio
797 2997 864 3037 cum
888 2978 990 3053 aliqua
1012 2980 1076 3037 veri
1103 2975 1286 3038 similtudine
1314 2995 1363 3033 ex·

346 3063 505 3137 ploremus.
551 3064 587 3122 de
614 3064 670 3124 hac
697 3085 729 3125 re
757 3067 838 3142 quod
864 3069 897 3125 in
924 3067 1026 3126 libello
1055 3086 1121 3126 meo
1143 3067 1208 3142 p.4
1231 3064 1363 3123 Burclra·

347 3144 456 3233 sium¹)
484 3154 529 3211 ita
557 3154 725 3230 disputasse
753 3156 828 3230 dixi,
856 3158 891 3214 ut
915 3155 1068 3215 Donatum
1091 3155 1188 3215 Servii
1215 3172 1364 3212 commen·

346 3241 433 3299 tariis
460 3260 519 3301 non
546 3261 633 3301 usum
661 3262 724 3303 esse
752 3263 942 3320 nequaquem
965 3246 1108 3320 effecerit,
1134 3243 1222 3304 hodie
1245 3260 1363 3318 quoque

346 3330 379 3387 id
401 3333 523 3390 retineo.
569 3350 639 3391 nam
662 3334 816 3393 simultis
839 3333 912 3393 loeis
936 3334 974 3392 ad
1002 3353 1037 3393 ea
1065 3353 1141 3411 quae
1169 3350 1236 3391 cum
1260 3330 1362 3391 Servio

347 3421 555 3478 convenientia
577 3421 668 3481 habet
691 3422 752 3481 alia
775 3423 860 3482 addit
882 3423 930 3482 vel
954 3423 1034 3483 locos
1059 3423 1203 3500 quosdam
1227 3420 1362 3479 difficiles

349 3507 437 3566 aliter
459 3510 675 3584 interpretetur
698 3530 733 3570 ac
757 3510 879 3571 Servius
903 3512 951 3572 vel
974 3532 1041 3572 eum
1068 3510 1279 3571 additamentis
1303 3510 1363 3568 Da-

417 3716 446 3779 1)
461 3714 589 3769 Β1111111
609 3716 644 3769 de
664 3714 705 3768 Ti.
722 3713 823 3770 Claudi
842 3717 946 3772 Donati
964 3718 995 3771 in
1012 3717 1140 3773 Aeneida
1153 3714 1363 3771 commentario

327 3778 503 3849 1111111111,
524 3786 614 3841 Ienae
634 3792 715 3844 1888.
