3250 4350
653 411 836 466 AENEIDOS
853 411 893 464 IV
1218 410 1282 472 411

271 598 355 638 arma
377 583 476 639 autem
501 582 590 639 armis
613 585 747 658 pugnent
766 582 884 656 ipsique
902 583 1084 655 nepotesque
1102 578 1167 637 fieri
1184 579 1285 654 potuit

269 670 350 727 inter
376 669 471 727 multa
499 688 575 744 quae
603 688 752 728 emersura
779 687 840 727 non
867 669 999 743 fuerant,
1027 669 1083 728 hoc
1111 687 1182 745 ergo
1210 667 1286 725 dixit

270 757 423 832 possibile3
448 759 545 817 solent
568 760 647 816 enim
670 762 768 817 mente
792 759 874 834 capti
897 757 988 816 etiam
1009 756 1088 833 quod
1106 759 1221 815 rectum
1241 757 1286 815 est

270 846 432 921 aliquando
455 848 572 906 sentire.
1024 855 1026 858 ⁴

238 955 253 993 a
337 936 420 994 Haec
442 938 484 995 ait
507 940 533 994 et
550 938 649 1010 partis
672 937 805 995 catenara
828 937 964 994 uersabat
982 938 1015 993 ia
1033 926 1127 992 anais
1149 935 1339 992 iaaisamoso

269 1041 411 1096 quaereas
439 1043 526 1098 quara
548 1028 681 1099 mimam
708 1025 881 1098 abrumpere
907 1025 1012 1091 lacem,
1039 1024 1096 1082 hoc
1123 1026 1168 1082 est
1195 1041 1286 1099 quam

269 1114 413 1171 celeriter.
466 1113 641 1187 festinabat,
673 1114 787 1189 inquit,
812 1112 908 1187 mori,
940 1116 1044 1188 utpote
1076 1113 1125 1170 oui
1156 1110 1286 1169 iucunda

269 1201 406 1260 omnibus
431 1201 490 1276 ipsi
511 1222 635 1263 onerosa
653 1205 753 1260 fuerat
770 1203 831 1261 lux,
867 1202 1039 1278 inpediebat
1057 1202 1182 1260 nutricis
1200 1218 1286 1276 prae·

269 1292 381 1364 sentia,
414 1291 465 1350 sed
496 1292 573 1350 hanc
604 1292 673 1350 inde
706 1311 772 1349 cum
803 1291 954 1351 mandatis
990 1290 1129 1349 inanibus
1161 1289 1286 1348 alienat:
1400 1297 1405 1307 ²

222 1401 252 1440 ro
269 1384 332 1437 tam
364 1381 486 1438 breuiter
517 1381 636 1439 Barcca
671 1383 813 1439 natricem
849 1381 956 1454 adfata
987 1379 1109 1454 Sychaei
1147 1380 1287 1456 (aaraqac

267 1485 357 1526 suam
374 1471 479 1542 patria
501 1471 623 1541 aatiqaa
645 1471 719 1528 ciuis
742 1473 805 1527 ater
826 1469 978 1543 lababat):
1007 1469 1151 1544 breviter,
1177 1468 1285 1541 inquit,

268 1556 370 1615 locuta
394 1559 451 1632 est,
483 1559 538 1617 hoc
562 1559 641 1615 enim
665 1557 871 1616 conveniebat
887 1558 1001 1616 volenti
1027 1557 1173 1616 maturius
1201 1556 1285 1614 mori.

267 1645 405 1712 Annam,
435 1663 506 1704 cara
534 1647 605 1704 milri
631 1649 746 1715 catria,
774 1647 830 1704 hac
857 1648 925 1705 siste
951 1662 1093 1704 sororem:
1124 1646 1183 1704 huc
1206 1645 1287 1716 siste,

267 1735 327 1793 hoc
350 1738 394 1792 est
416 1735 475 1794 huc
497 1735 645 1793 instanter
668 1734 772 1793 adduc.
820 1732 1000 1794 caremihi:
1025 1734 1142 1793 addidit
1164 1733 1287 1810 benigni
1332 1769 1336 1777 -

219 1844 251 1884 15
268 1824 366 1882 animi
390 1824 508 1900 signum
531 1823 653 1882 dicendo
678 1842 756 1897 cara,
774 1825 809 1881 ut
829 1841 883 1898 per
900 1823 1105 1882 blandimenta
1123 1823 1287 1897 inpetraret

269 1912 352 1986 quod
379 1912 433 1969 illa
460 1916 583 1988 propter
611 1931 685 1972 onus
709 1911 905 1988 provectioris
929 1913 1038 1971 aetatis
1061 1914 1181 1986 poterat
1203 1929 1287 1969 recu·

268 2019 351 2074 sare,
381 2019 457 2074 quae
485 2019 611 2076 persona
635 2003 801 2076 aptissima¹
814 2000 935 2079 negotio
958 2001 1030 2074 fuit,
1057 2003 1092 2058 ut
1114 2018 1181 2058 cum
1203 2017 1288 2058 mora

266 2091 415 2166 pergeret,
440 2108 507 2147 cum
529 2109 614 2149 mora
636 2093 789 2149 remearet.
836 2089 965 2165 denique
987 2091 1023 2147 ut
1044 2089 1101 2147 hoc
1126 2089 1185 2146 sibi
1206 2087 1286 2146 Dido

266 2181 454 2254 procuraret,
477 2198 536 2238 non
560 2180 636 2238 dixit
658 2181 745 2238 mitte
768 2178 843 2237 mibi
866 2197 997 2238 sororem
1019 2198 1126 2252 meam,
1147 2178 1198 2237 sed
1221 2178 1288 2251 buo,

218 2290 249 2328 ao
265 2269 384 2341 inquit,
412 2270 496 2342 siste,
525 2269 638 2327 scilicet
664 2271 699 2326 ut
727 2287 793 2327 cum
820 2268 887 2343 ipsa
914 2267 1042 2341 veniret,
1070 2271 1104 2325 ut
1132 2267 1230 2325 euntis
1258 2270 1288 2324 et

266 2356 424 2414 redeuntis
453 2358 588 2415 aniculae
615 2357 730 2416 tardior
757 2360 787 2415 et
816 2355 945 2416 difficilis
969 2375 1086 2434 gressus
1109 2355 1287 2431 perficiendo

266 2444 363 2503 exitio
396 2444 598 2521 largissimum
630 2448 761 2520 spatium
793 2446 886 2505 dmet.
933 2445 979 2504 dic
1012 2463 1116 2518 corpas
1141 2448 1340 2517 propa-aeos

265 2534 387 2605 fluviali
409 2551 546 2606 spargare
569 2536 700 2607 lympha:
723 2535 784 2592 alia
807 2554 901 2609 mora,
925 2536 1004 2610 quia,
1028 2533 1098 2591 dum
1120 2534 1177 2591 hoc
1199 2532 1288 2590 Anna

266 2621 460 2696 expediebat,
490 2622 604 2697 aliquid
632 2622 791 2682 accedebat
818 2623 857 2681 ad
879 2626 1007 2697 tempus.
1054 2622 1222 2695 etpecades
1245 2638 1288 2679 se-

218 2732 248 2771 25
266 2728 337 2768 cam
370 2714 396 2767 et
426 2715 588 2770 monstrata
617 2711 741 2783 piacula
773 2711 875 2770 ducat:
911 2729 977 2771 ecoe
1010 2709 1092 2769 aliud
1125 2709 1204 2785 quod
1237 2710 1288 2769 ad-

265 2801 363 2857 ferret
390 2798 578 2872 tarditatem,
605 2800 760 2875 providere
787 2801 967 2859 necessarias
992 2799 1119 2875 pecudes
1143 2802 1173 2857 et
1196 2799 1288 2859 addu-

266 2906 345 2954 cere,
371 2906 498 2962 quarum
521 2888 640 2965 segnior
661 2906 778 2965 gressus
802 2892 856 2963 est,
875 2892 906 2947 et
928 2889 1045 2947 adferre
1068 2888 1288 2963 expiationibus

265 2976 447 3035 necessaria.
494 2977 536 3033 sic
558 2979 667 3043 acatal,
695 2980 781 3049 taque
803 2980 871 3050 ipsa
887 2979 944 3050 pia
967 2980 1178 3050 teac‘tcmpora
1201 2978 1289 3035 vitta:

264 3067 322 3141 pia
356 3066 387 3122 et
418 3062 520 3122 nutrix
553 3082 615 3122 esse
647 3067 746 3139 potest
778 3069 808 3123 et
840 3067 932 3139 vitta,
965 3070 1001 3124 ut
1032 3067 1072 3125 sit
1103 3067 1154 3141 pia
1186 3066 1289 3123 nutrix

218 3178 247 3218 ιο
265 3156 326 3213 aut
353 3154 406 3228 pia
433 3154 525 3209 vitta:
562 3152 703 3227 quicquid
730 3156 832 3213 tamen
860 3156 953 3214 secuti
985 3155 1143 3229 fuerimus,
1174 3158 1290 3214 rectum

264 3246 323 3302 est.
377 3240 420 3299 sic
456 3242 558 3298 veniat
593 3240 825 3317 intellegendum
862 3246 909 3301 est·
942 3244 987 3301 ita
1023 3244 1139 3317 veniat,
1175 3244 1289 3302 scilicet

344 3426 730 3494 aquatuomiaquaaed.
785 3428 1252 3496 bqaccaelcritechorr.r=L.

264 3507 281 3553 7
303 3501 353 3553 cai
372 3497 425 3551 LIt
445 3514 513 3566 quae
532 3497 575 3550 ed.
637 3501 652 3549 9
671 3499 869 3553 emaaeaadatis
887 3500 940 3552 th
958 3516 1057 3554 corut
1076 3500 1118 3554 ed.
1175 3506 1208 3553 12
1227 3517 1288 3554 aaa·

261 3569 458 3627 ueniebaatlt
475 3584 581 3621 corrzr.
608 3585 615 3596 ·
637 3572 671 3620 14
689 3569 812 3623 adducas
830 3570 873 3624 ed.
931 3576 964 3624 15
983 3572 1121 3639 inpetrare
1140 3572 1165 3623 R
1184 3588 1251 3625 corr.
1268 3589 1289 3626 r.

266 3683 291 3690 ..
324 3645 360 3693 20
380 3641 485 3694 acuarit
502 3637 555 3690 LR
573 3639 676 3692 ueniret
693 3655 707 3691 r
725 3640 818 3694 ueniat
836 3641 879 3694 ed.
935 3648 969 3694 24
988 3643 1138 3711 capeticbat
1156 3641 1212 3694 LR.
1231 3643 1293 3709 affl.

261 3713 360 3768 ciebat
378 3728 392 3762 r
411 3708 551 3779 expetebat
569 3708 613 3761 ed
680 3715 736 3762 ab
755 3711 861 3777 adferet
878 3712 931 3766 th
949 3729 1017 3766 corr.
1034 3732 1049 3765 r
1067 3712 1110 3767 ed.
1202 3719 1236 3767 29
1254 3714 1292 3769 sit

261 3802 324 3840 om.
341 3780 386 3834 ed.
462 3786 494 3833 31
514 3781 556 3832 ita
574 3780 662 3833 ccaict
680 3779 712 3832 R.
730 3782 734 3848 Ι
756 3782 864 3837 scilicet*
876 3788 908 3836 at
926 3783 978 3835 LR
996 3785 1039 3837 ed.
1059 3792 1091 3839 ut
1109 3784 1210 3840 delevi.
