3250 4350
660 436 843 494 Abeamus
860 437 900 492 IV
1226 441 1292 506 387

275 611 418 668 verticem
445 608 540 684 ipsius
569 624 632 666 esse
656 609 839 681 superiorem
861 607 1007 684 potuisse,
1034 607 1194 669 nisibeno
1216 611 1293 671 eseli

274 698 451 776 magnitudo
470 697 633 772 pressisset.
673 695 807 755 Atlantis
827 698 964 772 oineturn,
987 695 1112 757 adsidue
1135 701 1183 758 aui
1205 701 1291 759 nubi·

275 787 330 846 bus
349 789 423 846 atris
446 780 608 863 piniferum
630 788 720 860 eaput
743 787 774 844 et
795 789 885 844 vento
908 785 1046 860 pulsatur
1068 789 1099 846 et
1120 788 1224 847 imbri:
1246 793 1290 849 vi-

275 875 365 935 debat
383 875 517 935 Atlantis
540 875 645 948 latera,
665 873 794 932 videbat
809 891 936 948 umeros,
954 873 1076 933 videbat
1099 878 1130 934 et
1152 879 1291 955 cinctum,

231 984 245 1022 ⁵
273 965 396 1024 videbat
424 968 453 1023 et
481 966 571 1038 eaput
598 964 663 1022 eius
689 963 864 1038 piniferum,
892 963 973 1039 quod
1000 962 1126 1023 adsidue
1144 966 1291 1028 imbribus

274 1055 445 1130 pulsaretur
468 1056 498 1111 et
521 1053 627 1111 ventis.
672 1051 836 1126 piniferum
859 1055 950 1127 eaput
972 1054 1024 1111 aut
1047 1054 1191 1129 crispum,
1219 1059 1291 1131 quia

273 1148 429 1219 tamquam
456 1143 492 1202 de
519 1143 638 1200 bomine
665 1140 858 1216 loquabatur,
891 1143 945 1200 aut
975 1141 1096 1202 arbores
1125 1145 1230 1217 pineas
1257 1148 1290 1204 in

274 1235 426 1291 cacumine
449 1229 709 1304 habentemque
730 1248 835 1290 revera
857 1231 989 1288 montem
1007 1228 1200 1292 describebat.
1238 1234 1290 1293 nix

272 1339 390 1381 umeros
412 1321 514 1379 infusa
535 1321 619 1397 tegit.
655 1337 722 1378 oum
744 1337 804 1378 non
828 1318 902 1377 dicit
919 1318 1072 1394 aliquibus
1095 1322 1289 1399 temporibus,

229 1429 258 1467 ro
272 1411 405 1470 ostendit
431 1411 510 1469 buno
537 1407 690 1484 perpetuis
718 1407 837 1467 nivibus
865 1406 1022 1467 abundare.
1068 1413 1134 1468 tum
1165 1410 1289 1471 flumina

271 1504 372 1559 mento
404 1500 605 1575 praecipitant
636 1498 718 1556 senis
742 1500 772 1556 et
800 1496 895 1573 glaeie
922 1497 1001 1574 riget
1027 1497 1151 1558 horrida
1181 1501 1289 1561 barba:

271 1592 355 1648 nives
382 1589 466 1665 ipsae
494 1590 547 1646 aut
574 1586 747 1663 congelatae
770 1585 910 1663 rigebant
933 1589 986 1644 aut
1008 1585 1170 1649 dissolutae
1192 1594 1289 1651 verte-

270 1679 381 1738 bantur
398 1680 431 1735 in
449 1676 582 1735 flumina.
617 1692 752 1750 expresse
776 1674 853 1733 dixit
875 1675 1089 1751 praecipitent3
1111 1680 1290 1757 magnitudo

271 1770 351 1827 enim
374 1752 525 1844 aquarum'
544 1767 574 1822 et
596 1763 711 1822 nivium
735 1766 765 1820 et
788 1762 956 1821 altitudinis
980 1763 1069 1824 aliter
1092 1769 1206 1828 ostendi
1227 1791 1288 1832 uon

226 1874 255 1913 1⁵
269 1861 397 1933 poterat.
444 1859 475 1914 et
498 1854 592 1933 glaeie
615 1853 693 1929 riget
715 1851 839 1910 horrida
863 1851 969 1909 barbe:
999 1855 1030 1910 et
1053 1854 1101 1913 hie
1124 1858 1202 1934 riget
1225 1862 1287 1919 tale

270 1949 317 2005 est
340 1946 427 2021 quale
452 1947 498 2003 est
519 1945 570 2001 nix
598 1958 715 1999 umeros
743 1939 843 1999 infusa
870 1941 960 2017 tegit,
986 1945 1022 2000 ut
1050 1961 1165 2019 semper
1191 1948 1287 2026 rigere

269 2027 415 2095 videatur.
462 2051 562 2092 senem
593 2049 663 2091 vero
694 2032 775 2088 reete
808 2029 987 2105 appellavit,
1020 2032 1067 2090 vel
1096 2034 1175 2108 quod
1201 2056 1288 2097 mons

269 2127 349 2184 esset
375 2122 518 2198 antiquus
546 2120 595 2180 vel
623 2117 703 2195 quod
724 2118 852 2180 Mercuri
882 2136 956 2179 auus
982 2137 1044 2179 esse
1068 2121 1216 2185 dioeretur
1237 2127 1286 2188 vel

270 2214 351 2291 quod
374 2232 489 2289 semper
512 2228 603 2271 oeneus
627 2212 704 2268 esset
727 2228 762 2267 ex
785 2208 913 2268 nivibus
953 2210 1000 2269 bie
1013 2214 1147 2284 menum
1160 2218 1287 2287 parebas

226 2307 364 2363 sonitem
390 2303 538 2377 Cyllenius
565 2299 623 2359 alis
645 2300 782 2367 aneta,
809 2298 857 2356 bie
878 2301 934 2355 toto
951 2316 1095 2374 praeceps
1116 2320 1147 2361 se
1169 2321 1286 2378 corpore

268 2394 310 2452 od
332 2393 430 2451 andos
452 2393 546 2449 misit:
568 2407 627 2447 non
646 2388 758 2445 eume
775 2388 858 2461 paris
877 2386 941 2446 alas
959 2387 1049 2465 dixit,
1073 2391 1188 2450 alarum
1207 2394 1286 2453 enim

267 2483 428 2558 remigium
451 2483 586 2539 constare
609 2495 670 2535 non
692 2477 800 2551 potest,
823 2475 883 2534 nisi
904 2475 1017 2535 fuerint
1039 2498 1134 2554 pares.
1171 2480 1284 2542 Merou-

267 2575 331 2630 rius
355 2572 449 2647 igitur
473 2568 511 2627 ad
534 2568 630 2643 partis
650 2563 842 2641 Carthaginis
859 2562 985 2623 tendens
1000 2566 1050 2626 bio
1068 2571 1198 2642 primum
1217 2589 1286 2631 oon·

268 2661 361 2734 stitit,
389 2675 443 2717 nee
469 2658 592 2731 mirum,
628 2672 688 2713 non
715 2652 819 2712 debuit
846 2654 926 2711 euim
952 2656 1115 2727 praeterire
1145 2663 1285 2737 montem,

225 2764 253 2807 aa
267 2750 322 2825 qui
346 2750 395 2807 avi
419 2747 465 2806 sui
488 2747 607 2805 nomine
630 2745 817 2802 oouseoratus
841 2742 919 2801 esset
941 2744 972 2800 et
994 2746 1047 2819 qui
1070 2765 1104 2804 ex
1130 2750 1285 2810 oooeuone

266 2839 402 2915 urgentis
435 2837 581 2895 transitus
613 2832 796 2891 necessarius
829 2831 928 2889 fixerat
959 2835 990 2890 et
1017 2838 1188 2909 oportunus.
1235 2842 1285 2899 aei

266 2929 373 2985 similis
396 2943 471 3000 qaae
493 2928 602 2985 aream
621 2922 717 2987 litora
737 2921 846 2978 cirrum
858 2921 990 2992 piscosos
1007 2926 1139 2996 scopulos
1156 2928 1337 2989 ametimos

266 3017 348 3075 eolat
369 3032 497 3089 aequora
519 3016 617 3072 laada·
644 3012 687 3068 sio
709 3008 873 3067 Mercurius
897 3026 928 3067 se
951 3009 990 3068 ed
1012 3013 1107 3072 undas
1129 3016 1225 3091 misit,
1248 3021 1285 3078 ut

267 3106 367 3164 solent
394 3122 462 3163 aves
491 3101 597 3177 quibus
625 3116 692 3158 esea
718 3097 810 3173 pisois
838 3099 883 3155 est
910 3099 940 3155 et
962 3104 1086 3176 propter
1109 3106 1284 3180 explendam

224 3213 252 3254 ao
265 3195 379 3252 famem
406 3192 509 3251 uolent
536 3191 620 3249 iuxta
646 3185 742 3245 undas
775 3187 806 3245 et
834 3185 933 3244 litore.
979 3190 1052 3249 boat
1078 3194 1163 3252 aliter
1190 3200 1284 3256 terras

266 3286 343 3341 irater
367 3282 533 3354 coelumque
555 3278 672 3337 volabat
694 3275 764 3335 litos
785 3276 961 3334 harenosum
984 3296 1019 3338 aa
1036 3279 1151 3355 Libyae
1173 3290 1283 3343 vem.

266 3390 322 3445 qae
358 3372 474 3429 secabat
508 3373 639 3426 malano
679 3366 796 3425 ueniens
833 3365 870 3423 ab
907 3382 962 3423 ovo
1001 3366 1134 3442 Cyllenia
1169 3375 1283 3445 proles:

266 3460 368 3519 avium
393 3477 474 3517 more
497 3458 576 3515 inter
593 3458 689 3514 terres
707 3453 881 3529 caelumque
899 3458 1149 3530 suspensusxlitus
1168 3460 1283 3539 Libyae

271 3604 286 3609 „-
293 3598 479 3608 θύα-ψ»...-

338 3691 354 3738 3
374 3685 457 3740 astris
470 3683 500 3736 L.
557 3684 589 3733 11
608 3680 728 3731 mmmm
742 3672 801 3727 LR.
856 3679 890 3728 20
907 3676 953 3731 aa
970 3684 1025 3733 toto
1039 3680 1090 3734 LR
1108 3683 1173 3737 biae
1190 3692 1208 3739 t.
1222 3704 1244 3742 r.

264 3766 297 3812 21
319 3758 394 3880 drlqit
411 3754 466 3808 th
482 3754 559 3808 misit
575 3748 617 3805 ed.
692 3752 724 3799 31
744 3746 817 3800 ἰθύει·
834 3759 888 3799 om.
902 3746 962 3801 LR.
986 3752 991 3817 Ι
1020 3768 1054 3805 oe
1071 3753 1161 3823 lybiae
1179 3756 1232 3811 ΕΒ,
1249 3772 1285 3813 aa

264 3847 318 3883 ⁰m'
339 3844 354 3882 θ
376 3869 382 3882 .
746 3870 749 3873 '
1023 3918 1082 3968 ‘lbt
1237 3873 1239 3876 Ι
