<?xml version="1.0" encoding="UTF-8"?>
<!DOCTYPE html PUBLIC "-//W3C//DTD XHTML 1.0 Transitional//EN"
    "http://www.w3.org/TR/xhtml1/DTD/xhtml1-transitional.dtd">
<html xmlns="http://www.w3.org/1999/xhtml" xml:lang="en" lang="en">
 <head>
  <title>
</title>
<meta http-equiv="Content-Type" content="text/html;charset=utf-8" />
  <meta name='ocr-system' content='tesseract 3.04.00' />
  <meta name='ocr-capabilities' content='ocr_page ocr_carea ocr_par ocr_line ocrx_word'/>
</head>
<body>
  <div class='ocr_page' id='page_1' title='image "./tibericlaudidon01georgoog_0072.png"; bbox 0 0 3250 4350; ppageno 0'>
   <div class='ocr_carea' id='block_1_1' title="bbox 319 414 1049 482">
    <p class='ocr_par' dir='ltr' id='par_1_1' title="bbox 319 414 1049 482">
     <span class='ocr_line' id='line_1_1' title="bbox 319 414 1049 482; baseline 0.003 -13"><span class='ocrx_word' id='word_1_1' title='bbox 319 419 359 482; x_wconf 84' lang='lat'><strong>18</strong></span> <span class='ocrx_word' id='word_1_2' title='bbox 596 415 736 471; x_wconf 77' lang='lat' dir='ltr'>DONATI</span> <span class='ocrx_word' id='word_1_3' title='bbox 753 414 922 470; x_wconf 80' lang='lat' dir='ltr'>INTERPR.</span> <span class='ocrx_word' id='word_1_4' title='bbox 942 416 1049 471; x_wconf 76' lang='lat' dir='ltr'>VERG.</span> 
     </span>
    </p>
   </div>
   <div class='ocr_carea' id='block_1_2' title="bbox 307 584 1372 2890">
    <p class='ocr_par' dir='ltr' id='par_1_2' title="bbox 307 584 1372 2890">
     <span class='ocr_line' id='line_1_2' title="bbox 317 584 1335 664; baseline -0.001 -18"><span class='ocrx_word' id='word_1_5' title='bbox 317 605 449 664; x_wconf 89' lang='lat' dir='ltr'><strong>poenam</strong></span> <span class='ocrx_word' id='word_1_6' title='bbox 476 586 612 647; x_wconf 87' lang='lat' dir='ltr'><strong>Minerva</strong></span> <span class='ocrx_word' id='word_1_7' title='bbox 645 587 792 644; x_wconf 73' lang='lat' dir='ltr'><strong>irascente</strong></span> <span class='ocrx_word' id='word_1_8' title='bbox 825 584 1000 660; x_wconf 87' lang='lat' dir='ltr'><strong>conpletam</strong></span> <span class='ocrx_word' id='word_1_9' title='bbox 1036 603 1104 644; x_wconf 91' lang='lat' dir='ltr'><strong>cum</strong></span> <span class='ocrx_word' id='word_1_10' title='bbox 1121 585 1335 649; x_wconf 62' lang='lat' dir='ltr'><strong>troianorum</strong></span> 
     </span>
     <span class='ocr_line' id='line_1_3' title="bbox 317 674 1339 753; baseline -0.001 -17"><span class='ocrx_word' id='word_1_11' title='bbox 317 676 483 753; x_wconf 87' lang='lat' dir='ltr'><strong>suppliciis,</strong></span> <span class='ocrx_word' id='word_1_12' title='bbox 506 694 582 750; x_wconf 89' lang='lat' dir='ltr'><strong>quae</strong></span> <span class='ocrx_word' id='word_1_13' title='bbox 608 674 742 733; x_wconf 89' lang='lat' dir='ltr'><strong>obtinere</strong></span> <span class='ocrx_word' id='word_1_14' title='bbox 769 692 830 732; x_wconf 91' lang='lat' dir='ltr'><strong>non</strong></span> <span class='ocrx_word' id='word_1_15' title='bbox 862 677 1038 749; x_wconf 85' lang='lat' dir='ltr'><strong>potuerunt,</strong></span> <span class='ocrx_word' id='word_1_16' title='bbox 1070 693 1244 734; x_wconf 88' lang='lat' dir='ltr'><strong>enumerare</strong></span> <span class='ocrx_word' id='word_1_17' title='bbox 1258 728 1261 733; x_wconf 93' lang='lat'><em>.</em></span> <span class='ocrx_word' id='word_1_18' title='bbox 1277 693 1339 735; x_wconf 82' lang='lat' dir='ltr'><strong>non</strong></span> 
     </span>
     <span class='ocr_line' id='line_1_4' title="bbox 317 762 1335 841; baseline -0.001 -16"><span class='ocrx_word' id='word_1_19' title='bbox 317 768 426 825; x_wconf 86' lang='lat' dir='ltr'><strong>cessat:</strong></span> <span class='ocrx_word' id='word_1_20' title='bbox 450 783 526 840; x_wconf 85' lang='lat' dir='ltr'><strong>quae</strong></span> <span class='ocrx_word' id='word_1_21' title='bbox 549 762 651 841; x_wconf 80' lang='lat' dir='ltr'><strong>omnia</strong></span> <span class='ocrx_word' id='word_1_22' title='bbox 672 763 790 838; x_wconf 88' lang='lat' dir='ltr'><strong>plenius</strong></span> <span class='ocrx_word' id='word_1_23' title='bbox 808 781 863 838; x_wconf 89' lang='lat' dir='ltr'><strong>per</strong></span> <span class='ocrx_word' id='word_1_24' title='bbox 880 763 999 840; x_wconf 76' lang='lat' dir='ltr'><strong>singula</strong></span> <span class='ocrx_word' id='word_1_25' title='bbox 1018 763 1221 823; x_wconf 56' lang='lat' dir='ltr'><strong>disseremus,-</strong></span> <span class='ocrx_word' id='word_1_26' title='bbox 1241 782 1335 839; x_wconf 84' lang='lat' dir='ltr'><strong>mene,</strong></span> 
     </span>
     <span class='ocr_line' id='line_1_5' title="bbox 317 851 1337 930; baseline 0 -17"><span class='ocrx_word' id='word_1_27' title='bbox 317 855 430 930; x_wconf 85' lang='lat' dir='ltr'><strong>inquit,</strong></span> <span class='ocrx_word' id='word_1_28' title='bbox 456 855 489 912; x_wconf 91' lang='lat' dir='ltr'><strong>in</strong></span> <span class='ocrx_word' id='word_1_29' title='bbox 516 851 742 928; x_wconf 81' lang='lat' dir='ltr'>pronominibus</span> <span class='ocrx_word' id='word_1_30' title='bbox 771 854 817 910; x_wconf 86' lang='lat' dir='ltr'><strong>est</strong></span> <span class='ocrx_word' id='word_1_31' title='bbox 839 869 981 930; x_wconf 78' lang='lat' dir='ltr'><strong>magnum</strong></span> <span class='ocrx_word' id='word_1_32' title='bbox 1004 851 1121 911; x_wconf 87' lang='lat' dir='ltr'><strong>dicendi</strong></span> <span class='ocrx_word' id='word_1_33' title='bbox 1142 852 1276 929; x_wconf 89' lang='lat' dir='ltr'><strong>pondus,</strong></span> <span class='ocrx_word' id='word_1_34' title='bbox 1302 856 1337 913; x_wconf 89' lang='lat' dir='ltr'><strong>nt</strong></span> 
     </span>
     <span class='ocr_line' id='line_1_6' title="bbox 318 940 1369 1020; baseline 0.001 -18"><span class='ocrx_word' id='word_1_35' title='bbox 318 943 489 1019; x_wconf 63' lang='lat' dir='ltr'><strong>quodsnon</strong></span> <span class='ocrx_word' id='word_1_36' title='bbox 516 943 649 1019; x_wconf 73' lang='lat' dir='ltr'><strong>apertius</strong></span> <span class='ocrx_word' id='word_1_37' title='bbox 677 940 787 1000; x_wconf 90' lang='lat' dir='ltr'><strong>dicitur</strong></span> <span class='ocrx_word' id='word_1_38' title='bbox 813 940 1019 1019; x_wconf 83' lang='lat' dir='ltr'><strong>intellegatur:</strong></span> <span class='ocrx_word' id='word_1_39' title='bbox 1051 958 1137 1000; x_wconf 90' lang='lat' dir='ltr'><strong>mene</strong></span> <span class='ocrx_word' id='word_1_40' title='bbox 1165 960 1251 1020; x_wconf 78' lang='lat' dir='ltr'><strong>erge,</strong></span> <span class='ocrx_word' id='word_1_41' title='bbox 1280 943 1369 1003; x_wconf 81' lang='lat' dir='ltr'><strong>hocs</strong></span> 
     </span>
     <span class='ocr_line' id='line_1_7' title="bbox 317 1029 1337 1111; baseline -0.001 -20"><span class='ocrx_word' id='word_1_42' title='bbox 317 1034 370 1092; x_wconf 86' lang='lat' dir='ltr'><strong>est</strong></span> <span class='ocrx_word' id='word_1_43' title='bbox 384 1032 521 1111; x_wconf 81' lang='lat' dir='ltr'><strong>raginam</strong></span> <span class='ocrx_word' id='word_1_44' title='bbox 543 1030 666 1090; x_wconf 89' lang='lat' dir='ltr'><strong>deorum</strong></span> <span class='ocrx_word' id='word_1_45' title='bbox 688 1032 719 1088; x_wconf 91' lang='lat' dir='ltr'><strong>et</strong></span> <span class='ocrx_word' id='word_1_46' title='bbox 741 1048 874 1089; x_wconf 88' lang='lat' dir='ltr'><strong>sororem</strong></span> <span class='ocrx_word' id='word_1_47' title='bbox 895 1029 976 1089; x_wconf 86' lang='lat' dir='ltr'><strong>Iovis</strong></span> <span class='ocrx_word' id='word_1_48' title='bbox 1001 1033 1032 1089; x_wconf 90' lang='lat' dir='ltr'><strong>et</strong></span> <span class='ocrx_word' id='word_1_49' title='bbox 1059 1031 1230 1108; x_wconf 82' lang='lat' dir='ltr'><strong>coniugem,</strong></span> <span class='ocrx_word' id='word_1_50' title='bbox 1258 1031 1337 1091; x_wconf 86' lang='lat' dir='ltr'><strong>sicut</strong></span> 
     </span>
     <span class='ocr_line' id='line_1_8' title="bbox 316 1119 1336 1196; baseline 0 -15"><span class='ocrx_word' id='word_1_51' title='bbox 316 1121 409 1195; x_wconf 84' lang='lat' dir='ltr'><strong>infra,</strong></span> <span class='ocrx_word' id='word_1_52' title='bbox 441 1139 509 1180; x_wconf 91' lang='lat' dir='ltr'><strong>oum</strong></span> <span class='ocrx_word' id='word_1_53' title='bbox 540 1119 657 1179; x_wconf 89' lang='lat' dir='ltr'><strong>dolores</strong></span> <span class='ocrx_word' id='word_1_54' title='bbox 672 1175 675 1179; x_wconf 78' lang='grc'><em>,</em></span> <span class='ocrx_word' id='word_1_55' title='bbox 689 1137 758 1178; x_wconf 87' lang='lat' dir='ltr'><strong>suos</strong></span> <span class='ocrx_word' id='word_1_56' title='bbox 787 1122 1027 1194; x_wconf 80' lang='lat' dir='ltr'><strong>persequeretur,</strong></span> <span class='ocrx_word' id='word_1_57' title='bbox 1059 1121 1179 1196; x_wconf 84' lang='lat' dir='ltr'><strong>spenrit</strong></span> <span class='ocrx_word' id='word_1_58' title='bbox 1210 1119 1336 1181; x_wconf 88' lang='lat' dir='ltr'><strong>dicendo</strong></span> 
     </span>
     <span class='ocr_line' id='line_1_9' title="bbox 317 1206 1338 1289; baseline -0.002 -18"><span class='ocrx_word' id='word_1_59' title='bbox 317 1214 383 1285; x_wconf 85' lang='lat' dir='ltr'><strong>„ast</strong></span> <span class='ocrx_word' id='word_1_60' title='bbox 409 1229 464 1289; x_wconf 83' lang='lat' dir='ltr'><strong>ego</strong></span> <span class='ocrx_word' id='word_1_61' title='bbox 493 1228 570 1285; x_wconf 91' lang='lat' dir='ltr'><strong>quae</strong></span> <span class='ocrx_word' id='word_1_62' title='bbox 598 1208 702 1267; x_wconf 86' lang='lat' dir='ltr'><strong>divum</strong></span> <span class='ocrx_word' id='word_1_63' title='bbox 728 1207 833 1266; x_wconf 87' lang='lat' dir='ltr'><strong>incedo</strong></span> <span class='ocrx_word' id='word_1_64' title='bbox 855 1206 961 1286; x_wconf 82' lang='lat' dir='ltr'><strong>regina</strong></span> <span class='ocrx_word' id='word_1_65' title='bbox 982 1207 1122 1284; x_wconf 80' lang='lat' dir='ltr'><strong>Iovisque</strong></span> <span class='ocrx_word' id='word_1_66' title='bbox 1145 1211 1176 1267; x_wconf 90' lang='lat' dir='ltr'><strong>et</strong></span> <span class='ocrx_word' id='word_1_67' title='bbox 1198 1226 1285 1268; x_wconf 90' lang='lat' dir='ltr'><strong>soror</strong></span> <span class='ocrx_word' id='word_1_68' title='bbox 1307 1212 1338 1269; x_wconf 85' lang='lat' dir='ltr'><strong>at</strong></span> 
     </span>
     <span class='ocr_line' id='line_1_10' title="bbox 307 1296 1337 1375; baseline 0.002 -20"><span class='ocrx_word' id='word_1_69' title='bbox 307 1296 471 1359; x_wconf 84' lang='lat' dir='ltr'><strong>.coniunx“.</strong></span> <span class='ocrx_word' id='word_1_70' title='bbox 526 1299 583 1358; x_wconf 87' lang='lat' dir='ltr'><strong>hoc</strong></span> <span class='ocrx_word' id='word_1_71' title='bbox 611 1300 656 1356; x_wconf 88' lang='lat' dir='ltr'><strong>est</strong></span> <span class='ocrx_word' id='word_1_72' title='bbox 681 1315 768 1357; x_wconf 90' lang='lat' dir='ltr'><strong>mene</strong></span> <span class='ocrx_word' id='word_1_73' title='bbox 796 1296 877 1371; x_wconf 91' lang='lat' dir='ltr'><strong>quod</strong></span> <span class='ocrx_word' id='word_1_74' title='bbox 905 1299 950 1356; x_wconf 90' lang='lat' dir='ltr'><strong>est</strong></span> <span class='ocrx_word' id='word_1_75' title='bbox 979 1299 1027 1357; x_wconf 88' lang='lat' dir='ltr'><strong>ast</strong></span> <span class='ocrx_word' id='word_1_76' title='bbox 1058 1316 1127 1375; x_wconf 68' lang='lat' dir='ltr'><strong>ego,</strong></span> <span class='ocrx_word' id='word_1_77' title='bbox 1162 1297 1337 1358; x_wconf 89' lang='lat' dir='ltr'><strong>intellectus</strong></span> 
     </span>
     <span class='ocr_line' id='line_1_11' title="bbox 318 1385 1372 1464; baseline 0.001 -17"><span class='ocrx_word' id='word_1_78' title='bbox 318 1391 398 1447; x_wconf 90' lang='lat' dir='ltr'><strong>enim</strong></span> <span class='ocrx_word' id='word_1_79' title='bbox 428 1389 639 1464; x_wconf 87' lang='lat' dir='ltr'><strong>pronominum</strong></span> <span class='ocrx_word' id='word_1_80' title='bbox 670 1388 804 1462; x_wconf 89' lang='lat' dir='ltr'><strong>ipsorum</strong></span> <span class='ocrx_word' id='word_1_81' title='bbox 837 1405 914 1445; x_wconf 90' lang='lat' dir='ltr'><strong>unus</strong></span> <span class='ocrx_word' id='word_1_82' title='bbox 932 1389 995 1446; x_wconf 83' lang='lat' dir='ltr'><strong>est.</strong></span> <span class='ocrx_word' id='word_1_83' title='bbox 1044 1385 1163 1463; x_wconf 84' lang='lat' dir='ltr'><strong>incepto</strong></span> <span class='ocrx_word' id='word_1_84' title='bbox 1192 1385 1372 1449; x_wconf 73' lang='lat' dir='ltr'><strong>desisterem</strong></span> 
     </span>
     <span class='ocr_line' id='line_1_12' title="bbox 317 1473 1336 1552; baseline 0 -17"><span class='ocrx_word' id='word_1_85' title='bbox 317 1479 444 1536; x_wconf 84' lang='lat' dir='ltr'><strong>victam:</strong></span> <span class='ocrx_word' id='word_1_86' title='bbox 466 1476 586 1552; x_wconf 86' lang='lat' dir='ltr'><strong>incepta</strong></span> <span class='ocrx_word' id='word_1_87' title='bbox 608 1477 678 1534; x_wconf 92' lang='lat' dir='ltr'><strong>sunt</strong></span> <span class='ocrx_word' id='word_1_88' title='bbox 701 1473 911 1550; x_wconf 87' lang='lat' dir='ltr'><strong>dispositiones</strong></span> <span class='ocrx_word' id='word_1_89' title='bbox 934 1477 965 1534; x_wconf 91' lang='lat' dir='ltr'><strong>et</strong></span> <span class='ocrx_word' id='word_1_90' title='bbox 987 1474 1202 1535; x_wconf 87' lang='lat' dir='ltr'><strong>destinationes</strong></span> <span class='ocrx_word' id='word_1_91' title='bbox 1221 1477 1336 1535; x_wconf 82' lang='lat' dir='ltr'><strong>animo</strong></span> 
     </span>
     <span class='ocr_line' id='line_1_13' title="bbox 316 1554 1338 1645; baseline 0 -21"><span class='ocrx_word' id='word_1_92' title='bbox 316 1585 396 1640; x_wconf 92' lang='lat' dir='ltr'><strong>rum,</strong></span> <span class='ocrx_word' id='word_1_93' title='bbox 425 1566 515 1624; x_wconf 88' lang='lat' dir='ltr'><strong>sicuti</strong></span> <span class='ocrx_word' id='word_1_94' title='bbox 538 1563 697 1623; x_wconf 78' lang='lat' dir='ltr'><strong>Sallustius</strong></span> <span class='ocrx_word' id='word_1_95' title='bbox 726 1563 770 1622; x_wconf 88' lang='lat' dir='ltr'><strong>ait</strong></span> <span class='ocrx_word' id='word_1_96' title='bbox 798 1554 880 1643; x_wconf 82' lang='lat' dir='ltr'><strong>(hist.</strong></span> <span class='ocrx_word' id='word_1_97' title='bbox 904 1562 921 1621; x_wconf 98' lang='lat' dir='ltr'>I</span> <span class='ocrx_word' id='word_1_98' title='bbox 945 1555 1051 1645; x_wconf 72' lang='lat' dir='ltr'><strong>scii.)</strong></span> <span class='ocrx_word' id='word_1_99' title='bbox 1079 1582 1169 1638; x_wconf 82' lang='lat' dir='ltr'><strong>„num</strong></span> <span class='ocrx_word' id='word_1_100' title='bbox 1189 1563 1269 1624; x_wconf 83' lang='lat' dir='ltr'><strong>talia</strong></span> <span class='ocrx_word' id='word_1_101' title='bbox 1291 1567 1338 1623; x_wconf 91' lang='lat' dir='ltr'><strong>in-</strong></span> 
     </span>
     <span class='ocr_line' id='line_1_14' title="bbox 319 1653 1336 1731; baseline -0.002 -16"><span class='ocrx_word' id='word_1_102' title='bbox 319 1657 414 1731; x_wconf 85' lang='lat' dir='ltr'><strong>cepta,</strong></span> <span class='ocrx_word' id='word_1_103' title='bbox 432 1653 465 1711; x_wconf 91' lang='lat' dir='ltr'><strong>ni</strong></span> <span class='ocrx_word' id='word_1_104' title='bbox 482 1654 515 1711; x_wconf 93' lang='lat' dir='ltr'><strong>in</strong></span> <span class='ocrx_word' id='word_1_105' title='bbox 534 1653 732 1713; x_wconf 90' lang='lat' dir='ltr'><strong>consultorem</strong></span> <span class='ocrx_word' id='word_1_106' title='bbox 749 1654 918 1726; x_wconf 73' lang='lat' dir='ltr'><strong>vertissent,</strong></span> <span class='ocrx_word' id='word_1_107' title='bbox 935 1653 1118 1728; x_wconf 90' lang='lat' dir='ltr'><strong>reipublicae</strong></span> <span class='ocrx_word' id='word_1_108' title='bbox 1140 1656 1256 1730; x_wconf 88' lang='lat' dir='ltr'><strong>pestem</strong></span> <span class='ocrx_word' id='word_1_109' title='bbox 1275 1654 1336 1713; x_wconf 78' lang='lat' dir='ltr'><strong>fao</strong></span> 
     </span>
     <span class='ocr_line' id='line_1_15' title="bbox 317 1740 1336 1819; baseline -0.003 -15"><span class='ocrx_word' id='word_1_110' title='bbox 317 1740 413 1804; x_wconf 84' lang='lat' dir='ltr'><strong>tura“.</strong></span> <span class='ocrx_word' id='word_1_111' title='bbox 451 1742 533 1801; x_wconf 88' lang='lat' dir='ltr'><strong>dolet</strong></span> <span class='ocrx_word' id='word_1_112' title='bbox 556 1761 625 1819; x_wconf 81' lang='lat' dir='ltr'><strong>ergo</strong></span> <span class='ocrx_word' id='word_1_113' title='bbox 647 1741 846 1800; x_wconf 87' lang='lat' dir='ltr'><strong>intentionem</strong></span> <span class='ocrx_word' id='word_1_114' title='bbox 868 1760 954 1801; x_wconf 89' lang='lat' dir='ltr'><strong>suam</strong></span> <span class='ocrx_word' id='word_1_115' title='bbox 977 1743 1040 1801; x_wconf 87' lang='lat' dir='ltr'><strong>sine</strong></span> <span class='ocrx_word' id='word_1_116' title='bbox 1063 1742 1169 1801; x_wconf 82' lang='lat' dir='ltr'><strong>effectu</strong></span> <span class='ocrx_word' id='word_1_117' title='bbox 1192 1741 1336 1802; x_wconf 79' lang='lat' dir='ltr'><strong>defecisse</strong></span> 
     </span>
     <span class='ocr_line' id='line_1_16' title="bbox 317 1830 1370 1907; baseline 0.002 -16"><span class='ocrx_word' id='word_1_118' title='bbox 317 1849 371 1891; x_wconf 90' lang='lat' dir='ltr'><strong>neo</strong></span> <span class='ocrx_word' id='word_1_119' title='bbox 394 1850 547 1907; x_wconf 86' lang='lat' dir='ltr'><strong>superesse</strong></span> <span class='ocrx_word' id='word_1_120' title='bbox 569 1833 632 1889; x_wconf 83' lang='lat' dir='ltr'><strong>iam</strong></span> <span class='ocrx_word' id='word_1_121' title='bbox 655 1830 780 1891; x_wconf 90' lang='lat' dir='ltr'><strong>nocendi</strong></span> <span class='ocrx_word' id='word_1_122' title='bbox 803 1830 962 1890; x_wconf 90' lang='lat' dir='ltr'><strong>consilium</strong></span> <span class='ocrx_word' id='word_1_123' title='bbox 984 1831 1034 1890; x_wconf 83' lang='lat' dir='ltr'><strong>vel</strong></span> <span class='ocrx_word' id='word_1_124' title='bbox 1050 1833 1182 1906; x_wconf 63' lang='lat' dir='ltr'><strong>tempus„</strong></span> <span class='ocrx_word' id='word_1_125' title='bbox 1218 1831 1336 1891; x_wconf 72' lang='lat' dir='ltr'><strong>intem</strong></span> <span class='ocrx_word' id='word_1_126' title='bbox 1349 1850 1370 1893; x_wconf 85' lang='lat' dir='ltr'><strong>u</strong></span> 
     </span>
     <span class='ocr_line' id='line_1_17' title="bbox 317 1919 1336 1996; baseline -0.001 -16"><span class='ocrx_word' id='word_1_127' title='bbox 317 1921 462 1980; x_wconf 90' lang='lat' dir='ltr'><strong>bonorum</strong></span> <span class='ocrx_word' id='word_1_128' title='bbox 491 1922 536 1979; x_wconf 89' lang='lat' dir='ltr'><strong>eet</strong></span> <span class='ocrx_word' id='word_1_129' title='bbox 562 1919 682 1996; x_wconf 86' lang='lat' dir='ltr'><strong>incepta</strong></span> <span class='ocrx_word' id='word_1_130' title='bbox 710 1919 855 1995; x_wconf 90' lang='lat' dir='ltr'><strong>deserere,</strong></span> <span class='ocrx_word' id='word_1_131' title='bbox 883 1922 910 1978; x_wconf 89' lang='lat' dir='ltr'><strong>si</strong></span> <span class='ocrx_word' id='word_1_132' title='bbox 936 1922 1038 1978; x_wconf 88' lang='lat' dir='ltr'><strong>tamen</strong></span> <span class='ocrx_word' id='word_1_133' title='bbox 1065 1923 1119 1978; x_wconf 92' lang='lat' dir='ltr'><strong>aut</strong></span> <span class='ocrx_word' id='word_1_134' title='bbox 1148 1938 1235 1996; x_wconf 91' lang='lat' dir='ltr'><strong>prece</strong></span> <span class='ocrx_word' id='word_1_135' title='bbox 1268 1920 1336 1980; x_wconf 88' lang='lat' dir='ltr'><strong>fleo·</strong></span> 
     </span>
     <span class='ocr_line' id='line_1_18' title="bbox 318 2008 1335 2086; baseline -0.001 -16"><span class='ocrx_word' id='word_1_136' title='bbox 318 2012 422 2070; x_wconf 89' lang='lat' dir='ltr'><strong>tantur</strong></span> <span class='ocrx_word' id='word_1_137' title='bbox 454 2012 507 2069; x_wconf 90' lang='lat' dir='ltr'><strong>aut</strong></span> <span class='ocrx_word' id='word_1_138' title='bbox 539 2013 644 2085; x_wconf 86' lang='lat' dir='ltr'><strong>sponte</strong></span> <span class='ocrx_word' id='word_1_139' title='bbox 675 2011 843 2086; x_wconf 84' lang='lat' dir='ltr'><strong>ignoscant.</strong></span> <span class='ocrx_word' id='word_1_140' title='bbox 897 2009 972 2068; x_wconf 85' lang='lat' dir='ltr'><strong>haec</strong></span> <span class='ocrx_word' id='word_1_141' title='bbox 1003 2008 1085 2068; x_wconf 88' lang='lat' dir='ltr'><strong>dolet</strong></span> <span class='ocrx_word' id='word_1_142' title='bbox 1115 2011 1277 2084; x_wconf 90' lang='lat' dir='ltr'><strong>utramque</strong></span> <span class='ocrx_word' id='word_1_143' title='bbox 1304 2027 1335 2069; x_wconf 90' lang='lat' dir='ltr'><strong>se</strong></span> 
     </span>
     <span class='ocr_line' id='line_1_19' title="bbox 319 2096 1334 2175; baseline -0.001 -17"><span class='ocrx_word' id='word_1_144' title='bbox 319 2102 504 2158; x_wconf 82' lang='lat' dir='ltr'><strong>occasionem</strong></span> <span class='ocrx_word' id='word_1_145' title='bbox 526 2097 689 2175; x_wconf 82' lang='lat' dir='ltr'><strong>perdidisse</strong></span> <span class='ocrx_word' id='word_1_146' title='bbox 714 2100 744 2156; x_wconf 89' lang='lat' dir='ltr'><strong>et</strong></span> <span class='ocrx_word' id='word_1_147' title='bbox 765 2097 905 2157; x_wconf 91' lang='lat' dir='ltr'><strong>incidisse</strong></span> <span class='ocrx_word' id='word_1_148' title='bbox 928 2096 1008 2174; x_wconf 92' lang='lat' dir='ltr'><strong>quod</strong></span> <span class='ocrx_word' id='word_1_149' title='bbox 1029 2097 1152 2172; x_wconf 80' lang='lat' dir='ltr'><strong>doleret,</strong></span> <span class='ocrx_word' id='word_1_150' title='bbox 1170 2116 1239 2156; x_wconf 89' lang='lat' dir='ltr'><strong>cum</strong></span> <span class='ocrx_word' id='word_1_151' title='bbox 1258 2097 1334 2157; x_wconf 83' lang='lat' dir='ltr'><strong>ludi·</strong></span> 
     </span>
     <span class='ocr_line' id='line_1_20' title="bbox 317 2187 1335 2264; baseline 0.001 -18"><span class='ocrx_word' id='word_1_152' title='bbox 317 2188 382 2247; x_wconf 87' lang='lat' dir='ltr'><strong>brio</strong></span> <span class='ocrx_word' id='word_1_153' title='bbox 404 2190 529 2263; x_wconf 87' lang='lat' dir='ltr'><strong>scilicet,</strong></span> <span class='ocrx_word' id='word_1_154' title='bbox 552 2191 587 2247; x_wconf 91' lang='lat' dir='ltr'><strong>ut</strong></span> <span class='ocrx_word' id='word_1_155' title='bbox 610 2190 750 2263; x_wconf 86' lang='lat' dir='ltr'><strong>superata</strong></span> <span class='ocrx_word' id='word_1_156' title='bbox 773 2187 914 2247; x_wconf 85' lang='lat' dir='ltr'><strong>discedat.</strong></span> <span class='ocrx_word' id='word_1_157' title='bbox 951 2187 1021 2246; x_wconf 91' lang='lat' dir='ltr'><strong>inde</strong></span> <span class='ocrx_word' id='word_1_158' title='bbox 1044 2191 1089 2246; x_wconf 86' lang='lat' dir='ltr'><strong>est</strong></span> <span class='ocrx_word' id='word_1_159' title='bbox 1112 2188 1193 2264; x_wconf 89' lang='lat' dir='ltr'><strong>quod</strong></span> <span class='ocrx_word' id='word_1_160' title='bbox 1216 2187 1262 2247; x_wconf 82' lang='lat' dir='ltr'><strong>ait</strong></span> <span class='ocrx_word' id='word_1_161' title='bbox 1283 2205 1335 2247; x_wconf 83' lang='lat' dir='ltr'><strong>nco</strong></span> 
     </span>
     <span class='ocr_line' id='line_1_21' title="bbox 312 2276 1369 2351; baseline 0.001 -14"><span class='ocrx_word' id='word_1_162' title='bbox 312 2295 400 2351; x_wconf 82' lang='lat' dir='ltr'><strong>posse</strong></span> <span class='ocrx_word' id='word_1_163' title='bbox 417 2278 511 2336; x_wconf 73' lang='lat' dir='ltr'><strong>Italic</strong></span> <span class='ocrx_word' id='word_1_164' title='bbox 531 2278 710 2337; x_wconf 73' lang='lat' dir='ltr'><strong>Teucrorum</strong></span> <span class='ocrx_word' id='word_1_165' title='bbox 732 2281 861 2337; x_wconf 76' lang='lat' dir='ltr'><strong>avertere</strong></span> <span class='ocrx_word' id='word_1_166' title='bbox 882 2278 998 2350; x_wconf 73' lang='lat' dir='ltr'><strong>repom?</strong></span> <span class='ocrx_word' id='word_1_167' title='bbox 1037 2278 1095 2336; x_wconf 90' lang='lat' dir='ltr'><strong>hoc</strong></span> <span class='ocrx_word' id='word_1_168' title='bbox 1118 2279 1163 2337; x_wconf 87' lang='lat' dir='ltr'><strong>est</strong></span> <span class='ocrx_word' id='word_1_169' title='bbox 1186 2276 1286 2337; x_wconf 84' lang='lat' dir='ltr'><strong>dicere</strong></span> <span class='ocrx_word' id='word_1_170' title='bbox 1308 2278 1369 2338; x_wconf 81' lang='lat' dir='ltr'><strong>siro</strong></span> 
     </span>
     <span class='ocr_line' id='line_1_22' title="bbox 317 2365 1334 2445; baseline -0.002 -19"><span class='ocrx_word' id='word_1_171' title='bbox 317 2366 439 2444; x_wconf 88' lang='lat' dir='ltr'><strong>perdere</strong></span> <span class='ocrx_word' id='word_1_172' title='bbox 467 2386 527 2426; x_wconf 90' lang='lat' dir='ltr'><strong>non</strong></span> <span class='ocrx_word' id='word_1_173' title='bbox 549 2365 648 2442; x_wconf 87' lang='lat' dir='ltr'><strong>potui,</strong></span> <span class='ocrx_word' id='word_1_174' title='bbox 671 2365 760 2424; x_wconf 89' lang='lat' dir='ltr'><strong>debui</strong></span> <span class='ocrx_word' id='word_1_175' title='bbox 783 2366 832 2424; x_wconf 88' lang='lat' dir='ltr'><strong>vel</strong></span> <span class='ocrx_word' id='word_1_176' title='bbox 854 2384 995 2441; x_wconf 88' lang='lat' dir='ltr'><strong>superare</strong></span> <span class='ocrx_word' id='word_1_177' title='bbox 1019 2366 1201 2425; x_wconf 87' lang='lat' dir='ltr'><strong>Teucrorum</strong></span> <span class='ocrx_word' id='word_1_178' title='bbox 1223 2384 1334 2445; x_wconf 82' lang='lat' dir='ltr'><strong>regem.</strong></span> 
     </span>
     <span class='ocr_line' id='line_1_23' title="bbox 316 2453 1335 2532; baseline 0 -18"><span class='ocrx_word' id='word_1_179' title='bbox 316 2456 409 2516; x_wconf 83' lang='lat' dir='ltr'><strong>Italia</strong></span> <span class='ocrx_word' id='word_1_180' title='bbox 435 2455 579 2532; x_wconf 89' lang='lat' dir='ltr'><strong>producte</strong></span> <span class='ocrx_word' id='word_1_181' title='bbox 606 2454 785 2530; x_wconf 86' lang='lat' dir='ltr'><strong>proferenda</strong></span> <span class='ocrx_word' id='word_1_182' title='bbox 812 2457 872 2529; x_wconf 88' lang='lat' dir='ltr'><strong>est,</strong></span> <span class='ocrx_word' id='word_1_183' title='bbox 899 2457 934 2513; x_wconf 88' lang='lat' dir='ltr'><strong>ut</strong></span> <span class='ocrx_word' id='word_1_184' title='bbox 960 2456 1001 2514; x_wconf 88' lang='lat' dir='ltr'><strong>sit</strong></span> <span class='ocrx_word' id='word_1_185' title='bbox 1028 2454 1066 2514; x_wconf 91' lang='lat' dir='ltr'><strong>ab</strong></span> <span class='ocrx_word' id='word_1_186' title='bbox 1088 2453 1179 2513; x_wconf 83' lang='lat' dir='ltr'><strong>Italia</strong></span> <span class='ocrx_word' id='word_1_187' title='bbox 1206 2454 1335 2514; x_wconf 83' lang='lat' dir='ltr'><strong>deducta</strong></span> 
     </span>
     <span class='ocr_line' id='line_1_24' title="bbox 317 2534 1334 2623; baseline -0.001 -19"><span class='ocrx_word' id='word_1_188' title='bbox 317 2546 551 2621; x_wconf 78' lang='lat' dir='ltr'><strong>praeposition03</strong></span> <span class='ocrx_word' id='word_1_189' title='bbox 573 2546 609 2601; x_wconf 90' lang='lat' dir='ltr'><strong>ut</strong></span> <span class='ocrx_word' id='word_1_190' title='bbox 632 2546 677 2603; x_wconf 88' lang='lat' dir='ltr'><strong>est</strong></span> <span class='ocrx_word' id='word_1_191' title='bbox 695 2543 755 2603; x_wconf 90' lang='lat' dir='ltr'><strong>alic</strong></span> <span class='ocrx_word' id='word_1_192' title='bbox 773 2543 840 2603; x_wconf 89' lang='lat' dir='ltr'><strong>loco</strong></span> <span class='ocrx_word' id='word_1_193' title='bbox 859 2534 955 2623; x_wconf 80' lang='lat'>(263)</span> <span class='ocrx_word' id='word_1_194' title='bbox 980 2544 1109 2618; x_wconf 89' lang='lat' dir='ltr'><strong>„bellum</strong></span> <span class='ocrx_word' id='word_1_195' title='bbox 1126 2543 1231 2622; x_wconf 82' lang='lat' dir='ltr'><strong>ingens</strong></span> <span class='ocrx_word' id='word_1_196' title='bbox 1251 2545 1334 2622; x_wconf 79' lang='lat' dir='ltr'><strong>geret</strong></span> 
     </span>
     <span class='ocr_line' id='line_1_25' title="bbox 316 2631 1333 2711; baseline 0.001 -20"><span class='ocrx_word' id='word_1_197' title='bbox 316 2633 436 2708; x_wconf 89' lang='lat' dir='ltr'><strong>Italia“,</strong></span> <span class='ocrx_word' id='word_1_198' title='bbox 458 2635 515 2692; x_wconf 89' lang='lat' dir='ltr'><strong>hoo</strong></span> <span class='ocrx_word' id='word_1_199' title='bbox 538 2635 583 2693; x_wconf 89' lang='lat' dir='ltr'><strong>est</strong></span> <span class='ocrx_word' id='word_1_200' title='bbox 605 2634 639 2691; x_wconf 89' lang='lat' dir='ltr'><strong>in</strong></span> <span class='ocrx_word' id='word_1_201' title='bbox 662 2632 762 2708; x_wconf 85' lang='lat' dir='ltr'><strong>Italia,</strong></span> <span class='ocrx_word' id='word_1_202' title='bbox 785 2635 830 2691; x_wconf 90' lang='lat' dir='ltr'><strong>ita</strong></span> <span class='ocrx_word' id='word_1_203' title='bbox 852 2632 902 2691; x_wconf 90' lang='lat' dir='ltr'><strong>hic</strong></span> <span class='ocrx_word' id='word_1_204' title='bbox 924 2631 1157 2711; x_wconf 86' lang='lat' dir='ltr'><strong>intellegendum</strong></span> <span class='ocrx_word' id='word_1_205' title='bbox 1176 2632 1214 2691; x_wconf 91' lang='lat' dir='ltr'><strong>ab</strong></span> <span class='ocrx_word' id='word_1_206' title='bbox 1231 2633 1333 2692; x_wconf 76' lang='lat' dir='ltr'><strong>Italia</strong></span> 
     </span>
     <span class='ocr_line' id='line_1_26' title="bbox 317 2721 1369 2799; baseline 0.003 -19"><span class='ocrx_word' id='word_1_207' title='bbox 317 2721 491 2799; x_wconf 84' lang='lat' dir='ltr'><strong>adgreditur</strong></span> <span class='ocrx_word' id='word_1_208' title='bbox 523 2724 767 2797; x_wconf 87' lang='lat' dir='ltr'><strong>conparationem</strong></span> <span class='ocrx_word' id='word_1_209' title='bbox 797 2740 977 2797; x_wconf 89' lang='lat' dir='ltr'><strong>poenarum,</strong></span> <span class='ocrx_word' id='word_1_210' title='bbox 1004 2724 1039 2780; x_wconf 91' lang='lat' dir='ltr'><strong>ut</strong></span> <span class='ocrx_word' id='word_1_211' title='bbox 1066 2721 1118 2797; x_wconf 89' lang='lat' dir='ltr'><strong>qui</strong></span> <span class='ocrx_word' id='word_1_212' title='bbox 1146 2723 1245 2797; x_wconf 88' lang='lat' dir='ltr'><strong>perire</strong></span> <span class='ocrx_word' id='word_1_213' title='bbox 1273 2741 1333 2781; x_wconf 90' lang='lat' dir='ltr'><strong>non</strong></span> <span class='ocrx_word' id='word_1_214' title='bbox 1346 2742 1369 2784; x_wconf 84' lang='lat' dir='ltr'><strong>ss</strong></span> 
     </span>
     <span class='ocr_line' id='line_1_27' title="bbox 317 2809 1333 2890; baseline -0.001 -20"><span class='ocrx_word' id='word_1_215' title='bbox 317 2810 419 2890; x_wconf 88' lang='lat' dir='ltr'><strong>potuit</strong></span> <span class='ocrx_word' id='word_1_216' title='bbox 441 2811 489 2870; x_wconf 85' lang='lat' dir='ltr'><strong>vel</strong></span> <span class='ocrx_word' id='word_1_217' title='bbox 512 2813 713 2870; x_wconf 88' lang='lat' dir='ltr'><strong>secerneretur</strong></span> <span class='ocrx_word' id='word_1_218' title='bbox 730 2829 749 2869; x_wconf 89' lang='lat' dir='ltr'><strong>a</strong></span> <span class='ocrx_word' id='word_1_219' title='bbox 767 2812 856 2871; x_wconf 88' lang='lat' dir='ltr'><strong>terris</strong></span> <span class='ocrx_word' id='word_1_220' title='bbox 874 2809 990 2869; x_wconf 83' lang='lat' dir='ltr'><strong>Italiae.</strong></span> <span class='ocrx_word' id='word_1_221' title='bbox 1027 2810 1062 2868; x_wconf 90' lang='lat' dir='ltr'><strong>fit</strong></span> <span class='ocrx_word' id='word_1_222' title='bbox 1080 2813 1111 2869; x_wconf 90' lang='lat' dir='ltr'><strong>et</strong></span> <span class='ocrx_word' id='word_1_223' title='bbox 1129 2812 1247 2869; x_wconf 88' lang='lat' dir='ltr'><strong>numeri</strong></span> <span class='ocrx_word' id='word_1_224' title='bbox 1266 2828 1333 2871; x_wconf 89' lang='lat' dir='ltr'><strong>con-</strong></span> 
     </span>
    </p>
   </div>
   <div class='ocr_carea' id='block_1_3' title="bbox 302 3015 1335 3798">
    <p class='ocr_par' dir='ltr' id='par_1_3' title="bbox 317 3015 1335 3641">
     <span class='ocr_line' id='line_1_28' title="bbox 389 3015 1335 3071; baseline 0.003 -4"><span class='ocrx_word' id='word_1_225' title='bbox 389 3019 405 3067; x_wconf 85' lang='grc'>3</span> <span class='ocrx_word' id='word_1_226' title='bbox 425 3015 518 3069; x_wconf 76' lang='lat' dir='ltr'><strong>omnic</strong></span> <span class='ocrx_word' id='word_1_227' title='bbox 536 3031 589 3069; x_wconf 92' lang='lat' dir='ltr'><strong>om.</strong></span> <span class='ocrx_word' id='word_1_228' title='bbox 609 3016 652 3070; x_wconf 87' lang='lat' dir='ltr'><strong>cd.</strong></span> <span class='ocrx_word' id='word_1_229' title='bbox 753 3020 786 3069; x_wconf 77' lang='grc'><strong>18</strong></span> <span class='ocrx_word' id='word_1_230' title='bbox 805 3017 839 3069; x_wconf 75' lang='lat' dir='ltr'><strong>ni</strong></span> <span class='ocrx_word' id='word_1_231' title='bbox 856 3017 888 3069; x_wconf 80' lang='lat' dir='ltr'><strong>in</strong></span> <span class='ocrx_word' id='word_1_232' title='bbox 906 3016 1085 3071; x_wconf 65' lang='lat' dir='ltr'><strong>cunctorem</strong></span> <span class='ocrx_word' id='word_1_233' title='bbox 1103 3016 1245 3071; x_wconf 76' lang='lat' dir='ltr'><strong>vertissent</strong></span> <span class='ocrx_word' id='word_1_234' title='bbox 1262 3016 1286 3069; x_wconf 84' lang='lat' dir='ltr'>L</span> <span class='ocrx_word' id='word_1_235' title='bbox 1303 3017 1335 3070; x_wconf 76' lang='lat' dir='ltr'><strong>esi</strong></span> 
     </span>
     <span class='ocr_line' id='line_1_29' title="bbox 317 3086 1333 3142; baseline 0 -2"><span class='ocrx_word' id='word_1_236' title='bbox 317 3088 349 3140; x_wconf 77' lang='lat' dir='ltr'><strong>iu</strong></span> <span class='ocrx_word' id='word_1_237' title='bbox 372 3086 551 3140; x_wconf 65' lang='lat' dir='ltr'><strong>conecterem</strong></span> <span class='ocrx_word' id='word_1_238' title='bbox 574 3088 708 3141; x_wconf 74' lang='lat' dir='ltr'><strong>venisseut</strong></span> <span class='ocrx_word' id='word_1_239' title='bbox 725 3087 751 3140; x_wconf 82' lang='lat' dir='ltr'><strong>It</strong></span> <span class='ocrx_word' id='word_1_240' title='bbox 772 3103 800 3141; x_wconf 81' lang='lat' dir='ltr'><strong>n.</strong></span> <span class='ocrx_word' id='word_1_241' title='bbox 824 3087 844 3140; x_wconf 74' lang='lat' dir='ltr'><strong>t.</strong></span> <span class='ocrx_word' id='word_1_242' title='bbox 862 3104 885 3142; x_wconf 87' lang='lat' dir='ltr'><strong>c.</strong></span> <span class='ocrx_word' id='word_1_243' title='bbox 903 3088 1077 3141; x_wconf 60' lang='lat' dir='ltr'><strong>conuscat</strong></span> <span class='ocrx_word' id='word_1_244' title='bbox 1098 3086 1131 3140; x_wconf 79' lang='lat' dir='ltr'><strong>m‘</strong></span> <span class='ocrx_word' id='word_1_245' title='bbox 1147 3087 1180 3140; x_wconf 74' lang='lat' dir='ltr'><strong>ier</strong></span> <span class='ocrx_word' id='word_1_246' title='bbox 1203 3103 1256 3141; x_wconf 91' lang='lat' dir='ltr'><strong>orn.</strong></span> <span class='ocrx_word' id='word_1_247' title='bbox 1276 3088 1333 3142; x_wconf 83' lang='lat' dir='ltr'><strong>ed:</strong></span> 
     </span>
     <span class='ocr_line' id='line_1_30' title="bbox 319 3155 1333 3228; baseline 0.001 -17"><span class='ocrx_word' id='word_1_248' title='bbox 319 3160 350 3211; x_wconf 86' lang='lat' dir='ltr'><strong>at</strong></span> <span class='ocrx_word' id='word_1_249' title='bbox 368 3162 393 3224; x_wconf 87' lang='lat'><strong>4,</strong></span> <span class='ocrx_word' id='word_1_250' title='bbox 409 3161 461 3210; x_wconf 78' lang='lat'><strong>314</strong></span> <span class='ocrx_word' id='word_1_251' title='bbox 479 3158 552 3227; x_wconf 79' lang='lat'>(316)</span> <span class='ocrx_word' id='word_1_252' title='bbox 576 3159 608 3211; x_wconf 77' lang='lat' dir='ltr'><strong>ci</strong></span> <span class='ocrx_word' id='word_1_253' title='bbox 625 3158 779 3213; x_wconf 67' lang='lat' dir='ltr'><strong>incursatio</strong></span> <span class='ocrx_word' id='word_1_254' title='bbox 802 3159 973 3213; x_wconf 77' lang='lat' dir='ltr'><strong>revertissent</strong></span> <span class='ocrx_word' id='word_1_255' title='bbox 989 3157 1043 3211; x_wconf 83' lang='lat' dir='ltr'><strong>LR</strong></span> <span class='ocrx_word' id='word_1_256' title='bbox 1061 3155 1104 3210; x_wconf 89' lang='lat' dir='ltr'><strong>ed.</strong></span> <span class='ocrx_word' id='word_1_257' title='bbox 1126 3158 1159 3212; x_wconf 81' lang='lat' dir='ltr'><strong>m&#39;</strong></span> <span class='ocrx_word' id='word_1_258' title='bbox 1177 3159 1209 3211; x_wconf 78' lang='lat' dir='ltr'><strong>ies</strong></span> <span class='ocrx_word' id='word_1_259' title='bbox 1227 3159 1333 3228; x_wconf 45' lang='lat' dir='ltr'><strong>cona&amp;</strong></span> 
     </span>
     <span class='ocr_line' id='line_1_31' title="bbox 317 3227 1333 3299; baseline 0.001 -16"><span class='ocrx_word' id='word_1_260' title='bbox 317 3234 402 3283; x_wconf 82' lang='lat' dir='ltr'><strong>torem</strong></span> <span class='ocrx_word' id='word_1_261' title='bbox 419 3229 561 3282; x_wconf 67' lang='lat' dir='ltr'><strong>conuscat</strong></span> <span class='ocrx_word' id='word_1_262' title='bbox 578 3246 605 3283; x_wconf 89' lang='lat' dir='ltr'><strong>r:</strong></span> <span class='ocrx_word' id='word_1_263' title='bbox 624 3229 695 3283; x_wconf 86' lang='lat' dir='ltr'><strong>haec</strong></span> <span class='ocrx_word' id='word_1_264' title='bbox 713 3244 780 3283; x_wconf 87' lang='lat' dir='ltr'><strong>vera</strong></span> <span class='ocrx_word' id='word_1_265' title='bbox 794 3228 924 3283; x_wconf 81' lang='lat' dir='ltr'><strong>Sallustii</strong></span> <span class='ocrx_word' id='word_1_266' title='bbox 938 3228 1023 3283; x_wconf 83' lang='lat' dir='ltr'><strong>verbs</strong></span> <span class='ocrx_word' id='word_1_267' title='bbox 1037 3243 1098 3282; x_wconf 87' lang='lat' dir='ltr'><strong>esse</strong></span> <span class='ocrx_word' id='word_1_268' title='bbox 1112 3227 1250 3283; x_wconf 78' lang='lat' dir='ltr'><strong>Linkerus</strong></span> <span class='ocrx_word' id='word_1_269' title='bbox 1265 3246 1333 3299; x_wconf 90' lang='lat' dir='ltr'><strong>quo·</strong></span> 
     </span>
     <span class='ocr_line' id='line_1_32' title="bbox 319 3297 1334 3368; baseline 0.003 -16"><span class='ocrx_word' id='word_1_270' title='bbox 319 3316 374 3368; x_wconf 89' lang='lat' dir='ltr'><strong>que</strong></span> <span class='ocrx_word' id='word_1_271' title='bbox 393 3302 422 3353; x_wconf 87' lang='lat' dir='ltr'><strong>ct</strong></span> <span class='ocrx_word' id='word_1_272' title='bbox 435 3297 597 3353; x_wconf 90' lang='lat' dir='ltr'><strong>Dietschius</strong></span> <span class='ocrx_word' id='word_1_273' title='bbox 617 3301 646 3353; x_wconf 85' lang='lat' dir='ltr'><strong>et</strong></span> <span class='ocrx_word' id='word_1_274' title='bbox 659 3298 927 3355; x_wconf 85' lang='lat' dir='ltr'><strong>Maurenbreoherus</strong></span> <span class='ocrx_word' id='word_1_275' title='bbox 947 3300 1089 3365; x_wconf 79' lang='lat' dir='ltr'><strong>viderunt3</strong></span> <span class='ocrx_word' id='word_1_276' title='bbox 1108 3316 1181 3368; x_wconf 91' lang='lat' dir='ltr'><strong>quae</strong></span> <span class='ocrx_word' id='word_1_277' title='bbox 1201 3299 1236 3354; x_wconf 91' lang='lat' dir='ltr'><strong>de</strong></span> <span class='ocrx_word' id='word_1_278' title='bbox 1254 3300 1334 3355; x_wconf 84' lang='lat' dir='ltr'><strong>varia</strong></span> 
     </span>
     <span class='ocr_line' id='line_1_33' title="bbox 319 3369 1334 3426; baseline 0.001 -1"><span class='ocrx_word' id='word_1_279' title='bbox 319 3369 447 3425; x_wconf 90' lang='lat' dir='ltr'><strong>codicum</strong></span> <span class='ocrx_word' id='word_1_280' title='bbox 474 3369 596 3425; x_wconf 90' lang='lat' dir='ltr'><strong>lectione</strong></span> <span class='ocrx_word' id='word_1_281' title='bbox 623 3369 712 3424; x_wconf 87' lang='lat' dir='ltr'><strong>Maur.</strong></span> <span class='ocrx_word' id='word_1_282' title='bbox 741 3370 824 3425; x_wconf 82' lang='lat' dir='ltr'><strong>affert</strong></span> <span class='ocrx_word' id='word_1_283' title='bbox 852 3371 913 3425; x_wconf 86' lang='lat' dir='ltr'><strong>sola</strong></span> <span class='ocrx_word' id='word_1_284' title='bbox 940 3370 1130 3426; x_wconf 84' lang='lat' dir='ltr'><strong>Harlemensis</strong></span> <span class='ocrx_word' id='word_1_285' title='bbox 1163 3372 1334 3426; x_wconf 71' lang='lat' dir='ltr'><strong>auctoritate</strong></span> 
     </span>
     <span class='ocr_line' id='line_1_34' title="bbox 317 3441 1335 3513; baseline 0.002 -18"><span class='ocrx_word' id='word_1_286' title='bbox 317 3442 450 3496; x_wconf 86' lang='lat' dir='ltr'><strong>nituntur</strong></span> <span class='ocrx_word' id='word_1_287' title='bbox 468 3457 502 3495; x_wconf 86' lang='lat' dir='ltr'><strong>ex</strong></span> <span class='ocrx_word' id='word_1_288' title='bbox 520 3441 555 3495; x_wconf 91' lang='lat' dir='ltr'><strong>iis</strong></span> <span class='ocrx_word' id='word_1_289' title='bbox 574 3458 647 3510; x_wconf 82' lang='lat' dir='ltr'><strong>qnae</strong></span> <span class='ocrx_word' id='word_1_290' title='bbox 665 3460 689 3495; x_wconf 91' lang='lat' dir='ltr'><strong>v.</strong></span> <span class='ocrx_word' id='word_1_291' title='bbox 701 3443 727 3495; x_wconf 89' lang='lat' dir='ltr'><strong>d.</strong></span> <span class='ocrx_word' id='word_1_292' title='bbox 738 3441 853 3496; x_wconf 85' lang='lat' dir='ltr'><strong>Hoeven</strong></span> <span class='ocrx_word' id='word_1_293' title='bbox 867 3461 894 3512; x_wconf 87' lang='lat' dir='ltr'><strong>p.</strong></span> <span class='ocrx_word' id='word_1_294' title='bbox 905 3449 939 3497; x_wconf 82' lang='grc'><strong>46</strong></span> <span class='ocrx_word' id='word_1_295' title='bbox 959 3442 1072 3512; x_wconf 86' lang='lat' dir='ltr'><strong>scripsit</strong></span> <span class='ocrx_word' id='word_1_296' title='bbox 1091 3442 1192 3511; x_wconf 86' lang='lat' dir='ltr'><strong>potita.</strong></span> <span class='ocrx_word' id='word_1_297' title='bbox 1209 3446 1335 3513; x_wconf 65' lang='lat' dir='ltr'><strong>{mmm</strong></span> 
     </span>
     <span class='ocr_line' id='line_1_35' title="bbox 318 3513 1297 3583; baseline 0.001 -17"><span class='ocrx_word' id='word_1_298' title='bbox 318 3514 344 3566; x_wconf 80' lang='lat' dir='ltr'><strong>lt</strong></span> <span class='ocrx_word' id='word_1_299' title='bbox 368 3529 435 3566; x_wconf 86' lang='lat' dir='ltr'><strong>corr.</strong></span> <span class='ocrx_word' id='word_1_300' title='bbox 454 3530 476 3567; x_wconf 91' lang='lat' dir='ltr'><strong>r.</strong></span> <span class='ocrx_word' id='word_1_301' title='bbox 593 3519 626 3567; x_wconf 83' lang='grc'><strong>16</strong></span> <span class='ocrx_word' id='word_1_302' title='bbox 645 3514 754 3583; x_wconf 76' lang='lat' dir='ltr'><strong>incepta</strong></span> <span class='ocrx_word' id='word_1_303' title='bbox 772 3513 891 3568; x_wconf 67' lang='lat' dir='ltr'><strong>desem</strong></span> <span class='ocrx_word' id='word_1_304' title='bbox 908 3514 960 3567; x_wconf 88' lang='lat' dir='ltr'><strong>LR</strong></span> <span class='ocrx_word' id='word_1_305' title='bbox 983 3515 1089 3582; x_wconf 71' lang='lat' dir='ltr'><strong>incepto</strong></span> <span class='ocrx_word' id='word_1_306' title='bbox 1107 3514 1234 3569; x_wconf 64' lang='lat' dir='ltr'><strong>damme</strong></span> <span class='ocrx_word' id='word_1_307' title='bbox 1253 3514 1297 3569; x_wconf 89' lang='lat' dir='ltr'><strong>ed.</strong></span> 
     </span>
     <span class='ocr_line' id='line_1_36' title="bbox 320 3583 1332 3641; baseline 0.001 -3"><span class='ocrx_word' id='word_1_308' title='bbox 320 3589 353 3638; x_wconf 79' lang='lat'><strong>1¹1</strong></span> <span class='ocrx_word' id='word_1_309' title='bbox 372 3585 438 3638; x_wconf 77' lang='lat' dir='ltr'><strong>haec</strong></span> <span class='ocrx_word' id='word_1_310' title='bbox 455 3583 509 3637; x_wconf 84' lang='lat' dir='ltr'><strong>LR</strong></span> <span class='ocrx_word' id='word_1_311' title='bbox 525 3584 575 3640; x_wconf 79' lang='lat' dir='ltr'><strong>hoc</strong></span> <span class='ocrx_word' id='word_1_312' title='bbox 593 3584 635 3637; x_wconf 89' lang='lat' dir='ltr'><strong>ed.</strong></span> <span class='ocrx_word' id='word_1_313' title='bbox 718 3589 751 3638; x_wconf 84' lang='grc'><strong>19</strong></span> <span class='ocrx_word' id='word_1_314' title='bbox 770 3585 893 3640; x_wconf 75' lang='lat' dir='ltr'><strong>discedot</strong></span> <span class='ocrx_word' id='word_1_315' title='bbox 909 3585 962 3639; x_wconf 84' lang='lat' dir='ltr'><strong>LR</strong></span> <span class='ocrx_word' id='word_1_316' title='bbox 980 3586 1065 3639; x_wconf 67' lang='lat' dir='ltr'><strong>deret</strong></span> <span class='ocrx_word' id='word_1_317' title='bbox 1083 3584 1126 3638; x_wconf 86' lang='lat' dir='ltr'><strong>ed.</strong></span> <span class='ocrx_word' id='word_1_318' title='bbox 1197 3602 1248 3641; x_wconf 78' lang='lat' dir='ltr'><strong>nec</strong></span> <span class='ocrx_word' id='word_1_319' title='bbox 1264 3584 1332 3641; x_wconf 88' lang='lat' dir='ltr'><strong>lem·</strong></span> 
     </span>
    </p>

    <p class='ocr_par' dir='ltr' id='par_1_4' title="bbox 302 3589 1333 3798">
     <span class='ocr_line' id='line_1_37' title="bbox 319 3589 1333 3722; baseline 0.002 -13"><span class='ocrx_word' id='word_1_320' title='bbox 319 3655 405 3712; x_wconf 82' lang='lat' dir='ltr'><strong>matis</strong></span> <span class='ocrx_word' id='word_1_321' title='bbox 424 3654 538 3709; x_wconf 86' lang='lat' dir='ltr'><strong>initium</strong></span> <span class='ocrx_word' id='word_1_322' title='bbox 555 3655 608 3709; x_wconf 87' lang='lat' dir='ltr'><strong>LR</strong></span> <span class='ocrx_word' id='word_1_323' title='bbox 626 3656 752 3711; x_wconf 63' lang='lat' dir='ltr'><strong>doecre</strong></span> <span class='ocrx_word' id='word_1_324' title='bbox 770 3658 871 3711; x_wconf 77' lang='lat' dir='ltr'><strong>vietam</strong></span> <span class='ocrx_word' id='word_1_325' title='bbox 888 3673 946 3712; x_wconf 75' lang='lat' dir='ltr'><strong>noc</strong></span> <span class='ocrx_word' id='word_1_326' title='bbox 964 3656 1007 3710; x_wconf 87' lang='lat' dir='ltr'><strong>ed.</strong></span> <span class='ocrx_word' id='word_1_327' title='bbox 1095 3662 1128 3709; x_wconf 76' lang='lat'><strong>22</strong></span> <span class='ocrx_word' id='word_1_328' title='bbox 1147 3589 1264 3722; x_wconf 64' lang='lat' dir='ltr'><strong>demde</strong></span> <span class='ocrx_word' id='word_1_329' title='bbox 1281 3656 1333 3711; x_wconf 82' lang='lat' dir='ltr'><strong>LR</strong></span> 
     </span>
     <span class='ocr_line' id='line_1_38' title="bbox 302 3726 1332 3798; baseline 0.004 -18"><span class='ocrx_word' id='word_1_330' title='bbox 302 3726 483 3793; x_wconf 69' lang='lat' dir='ltr'><strong>preferenda</strong></span> <span class='ocrx_word' id='word_1_331' title='bbox 500 3726 694 3798; x_wconf 76' lang='lat' dir='ltr'><strong>edleetom</strong></span> <span class='ocrx_word' id='word_1_332' title='bbox 714 3726 757 3781; x_wconf 87' lang='lat' dir='ltr'><strong>ed</strong></span> <span class='ocrx_word' id='word_1_333' title='bbox 823 3728 1164 3783; x_wconf 64' lang='lat' dir='ltr'><strong>elcesaitarum.</strong></span> <span class='ocrx_word' id='word_1_334' title='bbox 1230 3734 1264 3782; x_wconf 78' lang='lat'><strong>25</strong></span> <span class='ocrx_word' id='word_1_335' title='bbox 1284 3729 1332 3784; x_wconf 76' lang='lat' dir='ltr'><strong>ad·</strong></span> 
     </span>
    </p>
   </div>
   <div class='ocr_carea' id='block_1_4' title="bbox 288 3794 1133 3874">
    <p class='ocr_par' dir='ltr' id='par_1_5' title="bbox 288 3794 1133 3874">
     <span class='ocr_line' id='line_1_39' title="bbox 288 3794 1133 3874; baseline -0.015 -13"><span class='ocrx_word' id='word_1_336' title='bbox 288 3794 429 3860; x_wconf 68' lang='lat' dir='ltr'><strong>steat&#39;tur</strong></span> <span class='ocrx_word' id='word_1_337' title='bbox 441 3796 501 3853; x_wconf 76' lang='lat' dir='ltr'><strong>LE</strong></span> <span class='ocrx_word' id='word_1_338' title='bbox 519 3801 689 3874; x_wconf 64' lang='lat' dir='ltr'><strong>appretietur</strong></span> <span class='ocrx_word' id='word_1_339' title='bbox 709 3807 736 3857; x_wconf 84' lang='lat' dir='ltr'><strong>ct</strong></span> <span class='ocrx_word' id='word_1_340' title='bbox 753 3799 801 3857; x_wconf 86' lang='lat' dir='ltr'><strong>ed.</strong></span> <span class='ocrx_word' id='word_1_341' title='bbox 875 3804 911 3854; x_wconf 65' lang='lat' dir='ltr'><strong>it</strong></span> <span class='ocrx_word' id='word_1_342' title='bbox 930 3805 956 3855; x_wconf 80' lang='lat' dir='ltr'><strong>et</strong></span> <span class='ocrx_word' id='word_1_343' title='bbox 973 3800 1005 3867; x_wconf 68' lang='lat' dir='ltr'><strong>fit</strong></span> <span class='ocrx_word' id='word_1_344' title='bbox 1022 3805 1049 3853; x_wconf 77' lang='lat' dir='ltr'><strong>ct</strong></span> <span class='ocrx_word' id='word_1_345' title='bbox 1065 3797 1133 3850; x_wconf 63' lang='lat' dir='ltr'><strong>edi.</strong></span> 
     </span>
    </p>
   </div>
   <div class='ocr_carea' id='block_1_5' title="bbox 0 0 1630 4350">
    <p class='ocr_par' dir='ltr' id='par_1_6' title="bbox 0 0 1630 4350">
     <span class='ocr_line' id='line_1_40' title="bbox 0 0 1630 4350; baseline 0 0"><span class='ocrx_word' id='word_1_346' title='bbox 0 0 1630 4350; x_wconf 95' lang='lat' dir='ltr'><strong> </strong></span> 
     </span>
    </p>
   </div>
  </div>
 </body>
</html>
