<?xml version="1.0" encoding="UTF-8"?>
<!DOCTYPE html PUBLIC "-//W3C//DTD XHTML 1.0 Transitional//EN"
    "http://www.w3.org/TR/xhtml1/DTD/xhtml1-transitional.dtd">
<html xmlns="http://www.w3.org/1999/xhtml" xml:lang="en" lang="en">
 <head>
  <title>
</title>
<meta http-equiv="Content-Type" content="text/html;charset=utf-8" />
  <meta name='ocr-system' content='tesseract 3.04.00' />
  <meta name='ocr-capabilities' content='ocr_page ocr_carea ocr_par ocr_line ocrx_word'/>
</head>
<body>
  <div class='ocr_page' id='page_1' title='image "./tibericlaudidon01georgoog_0029.png"; bbox 0 0 3250 4350; ppageno 0'>
   <div class='ocr_carea' id='block_1_1' title="bbox 686 402 1298 458">
    <p class='ocr_par' dir='ltr' id='par_1_1' title="bbox 686 402 1298 458">
     <span class='ocr_line' id='line_1_1' title="bbox 686 402 1298 458; baseline 0.002 -3"><span class='ocrx_word' id='word_1_1' title='bbox 686 402 892 457; x_wconf 82' lang='lat' dir='ltr'><strong>PRAEFATIO</strong></span> <span class='ocrx_word' id='word_1_2' title='bbox 1233 403 1298 458; x_wconf 88' lang='lat' dir='ltr'><strong>XXI</strong></span> 
     </span>
    </p>
   </div>
   <div class='ocr_carea' id='block_1_2' title="bbox 272 571 1299 2782">
    <p class='ocr_par' dir='ltr' id='par_1_2' title="bbox 272 571 1299 2782">
     <span class='ocr_line' id='line_1_2' title="bbox 277 571 1299 651; baseline 0.004 -23"><span class='ocrx_word' id='word_1_3' title='bbox 277 571 310 628; x_wconf 92' lang='lat' dir='ltr'><strong>in</strong></span> <span class='ocrx_word' id='word_1_4' title='bbox 333 571 633 646; x_wconf 70' lang='lat' dir='ltr'><strong>interpretationibus</strong></span> <span class='ocrx_word' id='word_1_5' title='bbox 657 575 824 630; x_wconf 87' lang='lat' dir='ltr'><strong>occurrunt.</strong></span> <span class='ocrx_word' id='word_1_6' title='bbox 866 574 994 651; x_wconf 78' lang='lat' dir='ltr'><strong>paginis,</strong></span> <span class='ocrx_word' id='word_1_7' title='bbox 1017 575 1165 648; x_wconf 89' lang='lat' dir='ltr'><strong>utsupra</strong></span> <span class='ocrx_word' id='word_1_8' title='bbox 1187 592 1299 632; x_wconf 91' lang='lat' dir='ltr'><strong>memo·</strong></span> 
     </span>
     <span class='ocr_line' id='line_1_3' title="bbox 276 660 1297 738; baseline 0.002 -20"><span class='ocrx_word' id='word_1_9' title='bbox 276 661 358 734; x_wconf 86' lang='lat' dir='ltr'><strong>ravi,</strong></span> <span class='ocrx_word' id='word_1_10' title='bbox 387 660 621 736; x_wconf 87' lang='lat' dir='ltr'><strong>superscriptum</strong></span> <span class='ocrx_word' id='word_1_11' title='bbox 649 662 694 720; x_wconf 89' lang='lat' dir='ltr'><strong>est</strong></span> <span class='ocrx_word' id='word_1_12' title='bbox 722 662 862 720; x_wconf 76' lang='lat' dir='ltr'><strong>sinistrae</strong></span> <span class='ocrx_word' id='word_1_13' title='bbox 885 660 1075 738; x_wconf 88' lang='lat' dir='ltr'><strong>„exp0sitio“,</strong></span> <span class='ocrx_word' id='word_1_14' title='bbox 1103 661 1224 720; x_wconf 72' lang='grc'><strong>(1001100</strong></span> <span class='ocrx_word' id='word_1_15' title='bbox 1247 664 1297 736; x_wconf 86' lang='lat' dir='ltr'><strong>„in</strong></span> 
     </span>
     <span class='ocr_line' id='line_1_4' title="bbox 276 747 1297 828; baseline 0.004 -22"><span class='ocrx_word' id='word_1_16' title='bbox 276 747 475 825; x_wconf 86' lang='lat' dir='ltr'><strong>Vergilium“.</strong></span> <span class='ocrx_word' id='word_1_17' title='bbox 522 749 696 809; x_wconf 89' lang='lat' dir='ltr'><strong>correctoris</strong></span> <span class='ocrx_word' id='word_1_18' title='bbox 727 751 901 809; x_wconf 77' lang='lat' dir='ltr'><strong>recentioris</strong></span> <span class='ocrx_word' id='word_1_19' title='bbox 934 751 1062 828; x_wconf 85' lang='lat' dir='ltr'><strong>vestigia</strong></span> <span class='ocrx_word' id='word_1_20' title='bbox 1093 751 1196 826; x_wconf 86' lang='lat' dir='ltr'><strong>paucis</strong></span> <span class='ocrx_word' id='word_1_21' title='bbox 1223 751 1297 810; x_wconf 88' lang='lat' dir='ltr'><strong>locis</strong></span> 
     </span>
     <span class='ocr_line' id='line_1_5' title="bbox 276 838 1296 913; baseline 0.003 -17"><span class='ocrx_word' id='word_1_22' title='bbox 276 839 480 898; x_wconf 85' lang='lat' dir='ltr'><strong>inveniuntur.</strong></span> <span class='ocrx_word' id='word_1_23' title='bbox 527 838 563 896; x_wconf 92' lang='lat' dir='ltr'><strong>de</strong></span> <span class='ocrx_word' id='word_1_24' title='bbox 587 838 833 913; x_wconf 79' lang='lat' dir='ltr'><strong>quaternionibus</strong></span> <span class='ocrx_word' id='word_1_25' title='bbox 857 858 918 898; x_wconf 89' lang='lat' dir='ltr'><strong>una</strong></span> <span class='ocrx_word' id='word_1_26' title='bbox 941 857 1007 897; x_wconf 89' lang='lat' dir='ltr'><strong>cum</strong></span> <span class='ocrx_word' id='word_1_27' title='bbox 1029 840 1145 898; x_wconf 78' lang='lat' dir='ltr'><strong>lacunis</strong></span> <span class='ocrx_word' id='word_1_28' title='bbox 1167 840 1296 899; x_wconf 85' lang='lat' dir='ltr'><strong>referen-</strong></span> 
     </span>
     <span class='ocr_line' id='line_1_6' title="bbox 279 925 1298 1005; baseline 0.002 -21"><span class='ocrx_word' id='word_1_29' title='bbox 279 925 348 985; x_wconf 89' lang='lat' dir='ltr'><strong>dum</strong></span> <span class='ocrx_word' id='word_1_30' title='bbox 382 929 435 986; x_wconf 87' lang='lat' dir='ltr'><strong>est.</strong></span> <span class='ocrx_word' id='word_1_31' title='bbox 481 926 631 985; x_wconf 89' lang='lat' dir='ltr'><strong>numerati</strong></span> <span class='ocrx_word' id='word_1_32' title='bbox 663 930 732 987; x_wconf 90' lang='lat' dir='ltr'><strong>sunt</strong></span> <span class='ocrx_word' id='word_1_33' title='bbox 768 930 800 985; x_wconf 88' lang='lat' dir='ltr'><strong>in</strong></span> <span class='ocrx_word' id='word_1_34' title='bbox 836 927 895 987; x_wconf 89' lang='lat' dir='ltr'><strong>fine</strong></span> <span class='ocrx_word' id='word_1_35' title='bbox 930 930 1162 1005; x_wconf 90' lang='lat' dir='ltr'><strong>uniuscuiusque</strong></span> <span class='ocrx_word' id='word_1_36' title='bbox 1189 929 1298 1004; x_wconf 85' lang='lat' dir='ltr'>XXXI,</span> 
     </span>
     <span class='ocr_line' id='line_1_7' title="bbox 279 1017 1298 1092; baseline 0.003 -19"><span class='ocrx_word' id='word_1_37' title='bbox 279 1035 406 1091; x_wconf 90' lang='lat' dir='ltr'><strong>quorum</strong></span> <span class='ocrx_word' id='word_1_38' title='bbox 428 1017 573 1090; x_wconf 90' lang='lat' dir='ltr'><strong>primum,</strong></span> <span class='ocrx_word' id='word_1_39' title='bbox 602 1035 670 1076; x_wconf 89' lang='lat' dir='ltr'><strong>cum</strong></span> <span class='ocrx_word' id='word_1_40' title='bbox 693 1018 746 1092; x_wconf 92' lang='lat' dir='ltr'><strong>qui</strong></span> <span class='ocrx_word' id='word_1_41' title='bbox 767 1036 847 1075; x_wconf 90' lang='lat' dir='ltr'><strong>nune</strong></span> <span class='ocrx_word' id='word_1_42' title='bbox 869 1017 983 1092; x_wconf 90' lang='lat' dir='ltr'><strong>primus</strong></span> <span class='ocrx_word' id='word_1_43' title='bbox 1011 1020 1094 1076; x_wconf 84' lang='lat' dir='ltr'><strong>extat</strong></span> <span class='ocrx_word' id='word_1_44' title='bbox 1120 1035 1243 1076; x_wconf 90' lang='lat' dir='ltr'><strong>numero</strong></span> <span class='ocrx_word' id='word_1_45' title='bbox 1265 1017 1298 1076; x_wconf 90' lang='lat' dir='ltr'><strong>H</strong></span> 
     </span>
     <span class='ocr_line' id='line_1_8' title="bbox 278 1105 1295 1184; baseline 0.001 -20"><span class='ocrx_word' id='word_1_46' title='bbox 278 1107 416 1184; x_wconf 82' lang='lat' dir='ltr'><strong>signatus</strong></span> <span class='ocrx_word' id='word_1_47' title='bbox 449 1106 502 1179; x_wconf 92' lang='lat' dir='ltr'><strong>sit,</strong></span> <span class='ocrx_word' id='word_1_48' title='bbox 534 1124 570 1163; x_wconf 85' lang='lat' dir='ltr'><strong>ex</strong></span> <span class='ocrx_word' id='word_1_49' title='bbox 602 1105 691 1182; x_wconf 91' lang='lat' dir='ltr'><strong>plene</strong></span> <span class='ocrx_word' id='word_1_50' title='bbox 723 1105 800 1164; x_wconf 90' lang='lat' dir='ltr'><strong>libro</strong></span> <span class='ocrx_word' id='word_1_51' title='bbox 833 1105 994 1181; x_wconf 81' lang='lat' dir='ltr'><strong>deperiisse</strong></span> <span class='ocrx_word' id='word_1_52' title='bbox 1022 1106 1215 1165; x_wconf 80' lang='lat' dir='ltr'><strong>manifestum</strong></span> <span class='ocrx_word' id='word_1_53' title='bbox 1242 1109 1295 1166; x_wconf 86' lang='lat' dir='ltr'><strong>est.</strong></span> 
     </span>
     <span class='ocr_line' id='line_1_9' title="bbox 277 1193 1297 1270; baseline 0.002 -18"><span class='ocrx_word' id='word_1_54' title='bbox 277 1193 486 1254; x_wconf 90' lang='lat' dir='ltr'><strong>desiderantur</strong></span> <span class='ocrx_word' id='word_1_55' title='bbox 518 1196 598 1253; x_wconf 92' lang='lat' dir='ltr'><strong>enim</strong></span> <span class='ocrx_word' id='word_1_56' title='bbox 630 1197 700 1253; x_wconf 90' lang='lat' dir='ltr'><strong>aute</strong></span> <span class='ocrx_word' id='word_1_57' title='bbox 732 1194 823 1253; x_wconf 90' lang='lat' dir='ltr'><strong>verba</strong></span> <span class='ocrx_word' id='word_1_58' title='bbox 851 1196 940 1270; x_wconf 90' lang='lat' dir='ltr'><strong>„quia</strong></span> <span class='ocrx_word' id='word_1_59' title='bbox 969 1193 1085 1270; x_wconf 85' lang='lat' dir='ltr'><strong>quem“,</strong></span> <span class='ocrx_word' id='word_1_60' title='bbox 1114 1213 1190 1270; x_wconf 90' lang='lat' dir='ltr'><strong>quae</strong></span> <span class='ocrx_word' id='word_1_61' title='bbox 1217 1213 1297 1254; x_wconf 86' lang='lat' dir='ltr'><strong>nunc</strong></span> 
     </span>
     <span class='ocr_line' id='line_1_10' title="bbox 276 1284 1297 1360; baseline 0 -18"><span class='ocrx_word' id='word_1_62' title='bbox 276 1285 375 1359; x_wconf 90' lang='lat' dir='ltr'><strong>prima</strong></span> <span class='ocrx_word' id='word_1_63' title='bbox 398 1284 548 1360; x_wconf 75' lang='lat' dir='ltr'><strong>leguntur,</strong></span> <span class='ocrx_word' id='word_1_64' title='bbox 574 1284 636 1342; x_wconf 86' lang='grc'><strong>157</strong></span> <span class='ocrx_word' id='word_1_65' title='bbox 655 1301 795 1343; x_wconf 86' lang='lat' dir='ltr'><strong>versuum</strong></span> <span class='ocrx_word' id='word_1_66' title='bbox 818 1285 1080 1359; x_wconf 76' lang='lat' dir='ltr'><strong>interpretationes</strong></span> <span class='ocrx_word' id='word_1_67' title='bbox 1099 1303 1211 1360; x_wconf 89' lang='lat' dir='ltr'><strong>eaeque</strong></span> <span class='ocrx_word' id='word_1_68' title='bbox 1229 1301 1297 1342; x_wconf 89' lang='lat' dir='ltr'><strong>cum</strong></span> 
     </span>
     <span class='ocr_line' id='line_1_11' title="bbox 276 1372 1297 1448; baseline -0.001 -17"><span class='ocrx_word' id='word_1_69' title='bbox 276 1374 367 1432; x_wconf 87' lang='lat' dir='ltr'><strong>titulo</strong></span> <span class='ocrx_word' id='word_1_70' title='bbox 391 1375 552 1448; x_wconf 88' lang='lat' dir='ltr'><strong>picturato,</strong></span> <span class='ocrx_word' id='word_1_71' title='bbox 572 1372 624 1448; x_wconf 91' lang='lat' dir='ltr'><strong>qui</strong></span> <span class='ocrx_word' id='word_1_72' title='bbox 646 1374 842 1448; x_wconf 73' lang='lat' dir='ltr'><strong>praecessisse</strong></span> <span class='ocrx_word' id='word_1_73' title='bbox 862 1373 1013 1448; x_wconf 89' lang='lat' dir='ltr'><strong>putandus</strong></span> <span class='ocrx_word' id='word_1_74' title='bbox 1033 1375 1085 1446; x_wconf 74' lang='lat' dir='ltr'><strong>est,</strong></span> <span class='ocrx_word' id='word_1_75' title='bbox 1105 1373 1297 1447; x_wconf 87' lang='lat' dir='ltr'><strong>quaternioni</strong></span> 
     </span>
     <span class='ocr_line' id='line_1_12' title="bbox 275 1460 1297 1537; baseline 0.001 -19"><span class='ocrx_word' id='word_1_76' title='bbox 275 1460 465 1537; x_wconf 86' lang='lat' dir='ltr'><strong>respondent.</strong></span> <span class='ocrx_word' id='word_1_77' title='bbox 511 1480 582 1519; x_wconf 91' lang='lat' dir='ltr'><strong>nam</strong></span> <span class='ocrx_word' id='word_1_78' title='bbox 605 1479 745 1520; x_wconf 91' lang='lat' dir='ltr'><strong>versuum</strong></span> <span class='ocrx_word' id='word_1_79' title='bbox 767 1461 799 1518; x_wconf 90' lang='lat' dir='ltr'><strong>iu</strong></span> <span class='ocrx_word' id='word_1_80' title='bbox 823 1461 949 1537; x_wconf 84' lang='lat' dir='ltr'><strong>singulis</strong></span> <span class='ocrx_word' id='word_1_81' title='bbox 975 1461 1220 1536; x_wconf 83' lang='lat' dir='ltr'><strong>quaternionibus</strong></span> <span class='ocrx_word' id='word_1_82' title='bbox 1248 1480 1297 1519; x_wconf 84' lang='lat' dir='ltr'><strong>ex·</strong></span> 
     </span>
     <span class='ocr_line' id='line_1_13' title="bbox 275 1549 1297 1625; baseline 0 -16"><span class='ocrx_word' id='word_1_83' title='bbox 275 1551 457 1625; x_wconf 87' lang='lat' dir='ltr'><strong>plicaterum</strong></span> <span class='ocrx_word' id='word_1_84' title='bbox 489 1568 629 1609; x_wconf 87' lang='lat' dir='ltr'><strong>numerus</strong></span> <span class='ocrx_word' id='word_1_85' title='bbox 661 1550 740 1609; x_wconf 87' lang='lat' dir='ltr'><strong>inter</strong></span> <span class='ocrx_word' id='word_1_86' title='bbox 774 1551 838 1608; x_wconf 88' lang='lat'><strong>130</strong></span> <span class='ocrx_word' id='word_1_87' title='bbox 871 1552 902 1608; x_wconf 90' lang='lat' dir='ltr'><strong>et</strong></span> <span class='ocrx_word' id='word_1_88' title='bbox 935 1551 998 1608; x_wconf 80' lang='lat'><strong>232</strong></span> <span class='ocrx_word' id='word_1_89' title='bbox 1031 1551 1142 1624; x_wconf 87' lang='lat' dir='ltr'><strong>variat,</strong></span> <span class='ocrx_word' id='word_1_90' title='bbox 1179 1549 1297 1609; x_wconf 88' lang='lat' dir='ltr'><strong>medius</strong></span> 
     </span>
     <span class='ocr_line' id='line_1_14' title="bbox 276 1638 1297 1714; baseline 0.001 -18"><span class='ocrx_word' id='word_1_91' title='bbox 276 1642 320 1699; x_wconf 89' lang='lat' dir='ltr'><strong>est</strong></span> <span class='ocrx_word' id='word_1_92' title='bbox 341 1639 417 1698; x_wconf 85' lang='lat'>183.</span> <span class='ocrx_word' id='word_1_93' title='bbox 454 1641 525 1698; x_wconf 90' lang='lat' dir='ltr'><strong>sunt</strong></span> <span class='ocrx_word' id='word_1_94' title='bbox 547 1641 648 1698; x_wconf 90' lang='lat' dir='ltr'><strong>autem</strong></span> <span class='ocrx_word' id='word_1_95' title='bbox 670 1641 750 1698; x_wconf 89' lang='lat' dir='ltr'><strong>inter</strong></span> <span class='ocrx_word' id='word_1_96' title='bbox 772 1639 842 1697; x_wconf 90' lang='lat' dir='ltr'><strong>illos</strong></span> <span class='ocrx_word' id='word_1_97' title='bbox 860 1638 966 1713; x_wconf 88' lang='lat' dir='ltr'>XXXI,</span> <span class='ocrx_word' id='word_1_98' title='bbox 986 1656 1059 1714; x_wconf 90' lang='lat' dir='ltr'><strong>quos</strong></span> <span class='ocrx_word' id='word_1_99' title='bbox 1083 1640 1297 1714; x_wconf 86' lang='lat' dir='ltr'><strong>quaterniones</strong></span> 
     </span>
     <span class='ocr_line' id='line_1_15' title="bbox 275 1720 1297 1809; baseline -0.001 -22"><span class='ocrx_word' id='word_1_100' title='bbox 275 1727 346 1802; x_wconf 88' lang='lat' dir='ltr'><strong>dixi,</strong></span> <span class='ocrx_word' id='word_1_101' title='bbox 369 1731 431 1787; x_wconf 86' lang='lat' dir='ltr'><strong>tres</strong></span> <span class='ocrx_word' id='word_1_102' title='bbox 456 1720 546 1809; x_wconf 76' lang='lat' dir='ltr'>(VIII</span> <span class='ocrx_word' id='word_1_103' title='bbox 572 1727 691 1786; x_wconf 86' lang='lat' dir='ltr'>XVIIII</span> <span class='ocrx_word' id='word_1_104' title='bbox 718 1721 816 1807; x_wconf 77' lang='lat' dir='ltr'>XXX)</span> <span class='ocrx_word' id='word_1_105' title='bbox 839 1727 999 1803; x_wconf 84' lang='lat' dir='ltr'><strong>terniones,</strong></span> <span class='ocrx_word' id='word_1_106' title='bbox 1020 1731 1082 1788; x_wconf 90' lang='lat' dir='ltr'><strong>tres</strong></span> <span class='ocrx_word' id='word_1_107' title='bbox 1107 1720 1181 1807; x_wconf 89' lang='lat' dir='ltr'>(VII</span> <span class='ocrx_word' id='word_1_108' title='bbox 1208 1727 1297 1786; x_wconf 90' lang='lat' dir='ltr'>XVII</span> 
     </span>
     <span class='ocr_line' id='line_1_16' title="bbox 275 1809 1295 1898; baseline -0.001 -23"><span class='ocrx_word' id='word_1_109' title='bbox 275 1809 362 1898; x_wconf 85' lang='lat' dir='ltr'>XXI)</span> <span class='ocrx_word' id='word_1_110' title='bbox 388 1820 512 1893; x_wconf 88' lang='lat' dir='ltr'><strong>septena</strong></span> <span class='ocrx_word' id='word_1_111' title='bbox 535 1817 676 1876; x_wconf 86' lang='lat' dir='ltr'><strong>exhibent</strong></span> <span class='ocrx_word' id='word_1_112' title='bbox 698 1817 780 1875; x_wconf 89' lang='lat' dir='ltr'><strong>felia.</strong></span> <span class='ocrx_word' id='word_1_113' title='bbox 818 1817 965 1876; x_wconf 89' lang='lat' dir='ltr'><strong>accedunt</strong></span> <span class='ocrx_word' id='word_1_114' title='bbox 981 1819 1051 1892; x_wconf 89' lang='lat' dir='ltr'><strong>post</strong></span> <span class='ocrx_word' id='word_1_115' title='bbox 1069 1816 1295 1892; x_wconf 86' lang='lat' dir='ltr'><strong>quaternionem</strong></span> 
     </span>
     <span class='ocr_line' id='line_1_17' title="bbox 274 1904 1296 1981; baseline -0.001 -17"><span class='ocrx_word' id='word_1_116' title='bbox 274 1904 375 1964; x_wconf 93' lang='lat' dir='ltr'>XXXI</span> <span class='ocrx_word' id='word_1_117' title='bbox 395 1909 540 1981; x_wconf 88' lang='lat' dir='ltr'><strong>quattuor</strong></span> <span class='ocrx_word' id='word_1_118' title='bbox 557 1906 633 1965; x_wconf 82' lang='lat' dir='ltr'><strong>folia</strong></span> <span class='ocrx_word' id='word_1_119' title='bbox 651 1923 753 1965; x_wconf 89' lang='lat' dir='ltr'><strong>versus</strong></span> <span class='ocrx_word' id='word_1_120' title='bbox 775 1907 825 1980; x_wconf 80' lang='lat'><strong>12,</strong></span> <span class='ocrx_word' id='word_1_121' title='bbox 841 1907 1016 1965; x_wconf 79' lang='grc'><strong>847-952</strong></span> <span class='ocrx_word' id='word_1_122' title='bbox 1041 1909 1071 1964; x_wconf 85' lang='grc'><strong>01</strong></span> <span class='ocrx_word' id='word_1_123' title='bbox 1094 1906 1208 1965; x_wconf 89' lang='lat' dir='ltr'><strong>salvam</strong></span> <span class='ocrx_word' id='word_1_124' title='bbox 1232 1906 1296 1981; x_wconf 90' lang='lat' dir='ltr'><strong>epi-</strong></span> 
     </span>
     <span class='ocr_line' id='line_1_18' title="bbox 273 1986 1297 2076; baseline -0.002 -23"><span class='ocrx_word' id='word_1_125' title='bbox 273 1994 337 2072; x_wconf 84' lang='lat' dir='ltr'><strong>logi</strong></span> <span class='ocrx_word' id='word_1_126' title='bbox 370 1998 488 2071; x_wconf 87' lang='lat' dir='ltr'><strong>partem</strong></span> <span class='ocrx_word' id='word_1_127' title='bbox 509 1995 713 2054; x_wconf 86' lang='lat' dir='ltr'><strong>continentia.</strong></span> <span class='ocrx_word' id='word_1_128' title='bbox 762 1996 932 2053; x_wconf 78' lang='lat' dir='ltr'><strong>ternionem</strong></span> <span class='ocrx_word' id='word_1_129' title='bbox 968 1997 1082 2070; x_wconf 88' lang='lat' dir='ltr'><strong>primus</strong></span> <span class='ocrx_word' id='word_1_130' title='bbox 1115 1986 1218 2076; x_wconf 83' lang='lat' dir='ltr'>(VIII)</span> <span class='ocrx_word' id='word_1_131' title='bbox 1250 1995 1297 2052; x_wconf 86' lang='lat' dir='ltr'><strong>ita</strong></span> 
     </span>
     <span class='ocr_line' id='line_1_19' title="bbox 274 2083 1295 2160; baseline -0.002 -17"><span class='ocrx_word' id='word_1_132' title='bbox 274 2086 467 2159; x_wconf 88' lang='lat' dir='ltr'><strong>comparatus</strong></span> <span class='ocrx_word' id='word_1_133' title='bbox 490 2087 544 2157; x_wconf 91' lang='lat' dir='ltr'><strong>est,</strong></span> <span class='ocrx_word' id='word_1_134' title='bbox 567 2087 601 2142; x_wconf 89' lang='lat' dir='ltr'><strong>ut</strong></span> <span class='ocrx_word' id='word_1_135' title='bbox 623 2086 656 2142; x_wconf 90' lang='lat' dir='ltr'><strong>in</strong></span> <span class='ocrx_word' id='word_1_136' title='bbox 678 2086 778 2160; x_wconf 91' lang='lat' dir='ltr'><strong>ipsum</strong></span> <span class='ocrx_word' id='word_1_137' title='bbox 800 2083 933 2142; x_wconf 92' lang='lat' dir='ltr'><strong>medium</strong></span> <span class='ocrx_word' id='word_1_138' title='bbox 954 2084 1064 2143; x_wconf 88' lang='lat' dir='ltr'><strong>lacuna</strong></span> <span class='ocrx_word' id='word_1_139' title='bbox 1085 2083 1201 2144; x_wconf 88' lang='lat' dir='ltr'><strong>ineidat</strong></span> <span class='ocrx_word' id='word_1_140' title='bbox 1223 2083 1295 2142; x_wconf 88' lang='lat' dir='ltr'><strong>libri</strong></span> 
     </span>
     <span class='ocr_line' id='line_1_20' title="bbox 273 2172 1294 2249; baseline -0.001 -17"><span class='ocrx_word' id='word_1_141' title='bbox 273 2172 481 2249; x_wconf 69' lang='lat' dir='ltr'><strong>septimique</strong></span> <span class='ocrx_word' id='word_1_142' title='bbox 499 2193 566 2234; x_wconf 90' lang='lat' dir='ltr'><strong>cum</strong></span> <span class='ocrx_word' id='word_1_143' title='bbox 584 2172 642 2232; x_wconf 91' lang='lat' dir='ltr'><strong>fine</strong></span> <span class='ocrx_word' id='word_1_144' title='bbox 662 2172 806 2233; x_wconf 90' lang='lat' dir='ltr'><strong>orationis</strong></span> <span class='ocrx_word' id='word_1_145' title='bbox 821 2174 948 2233; x_wconf 87' lang='lat' dir='ltr'><strong>Amatae</strong></span> <span class='ocrx_word' id='word_1_146' title='bbox 962 2193 1100 2233; x_wconf 88' lang='lat' dir='ltr'><strong>versuum</strong></span> <span class='ocrx_word' id='word_1_147' title='bbox 1115 2175 1294 2233; x_wconf 72' lang='lat' dir='ltr'><strong>eta—414</strong></span> 
     </span>
     <span class='ocr_line' id='line_1_21' title="bbox 273 2262 1294 2339; baseline -0.001 -18"><span class='ocrx_word' id='word_1_148' title='bbox 273 2263 486 2338; x_wconf 85' lang='lat' dir='ltr'><strong>interpretatio</strong></span> <span class='ocrx_word' id='word_1_149' title='bbox 518 2262 617 2338; x_wconf 88' lang='lat' dir='ltr'><strong>periit.</strong></span> <span class='ocrx_word' id='word_1_150' title='bbox 662 2264 771 2337; x_wconf 89' lang='lat' dir='ltr'><strong>incipit</strong></span> <span class='ocrx_word' id='word_1_151' title='bbox 802 2265 903 2321; x_wconf 89' lang='lat' dir='ltr'><strong>autem</strong></span> <span class='ocrx_word' id='word_1_152' title='bbox 936 2263 1067 2322; x_wconf 88' lang='lat' dir='ltr'><strong>defectus</strong></span> <span class='ocrx_word' id='word_1_153' title='bbox 1098 2266 1169 2339; x_wconf 88' lang='lat' dir='ltr'><strong>post</strong></span> <span class='ocrx_word' id='word_1_154' title='bbox 1199 2264 1294 2321; x_wconf 91' lang='lat' dir='ltr'><strong>imum</strong></span> 
     </span>
     <span class='ocr_line' id='line_1_22' title="bbox 272 2351 1295 2426; baseline 0 -17"><span class='ocrx_word' id='word_1_155' title='bbox 272 2369 395 2411; x_wconf 82' lang='lat' dir='ltr'><strong>versum</strong></span> <span class='ocrx_word' id='word_1_156' title='bbox 428 2352 495 2411; x_wconf 89' lang='lat' dir='ltr'><strong>folii</strong></span> <span class='ocrx_word' id='word_1_157' title='bbox 519 2351 616 2411; x_wconf 87' lang='lat' dir='ltr'><strong>50Bb</strong></span> <span class='ocrx_word' id='word_1_158' title='bbox 649 2354 679 2411; x_wconf 89' lang='lat' dir='ltr'><strong>et</strong></span> <span class='ocrx_word' id='word_1_159' title='bbox 710 2351 788 2409; x_wconf 91' lang='lat' dir='ltr'><strong>redit</strong></span> <span class='ocrx_word' id='word_1_160' title='bbox 819 2352 1028 2426; x_wconf 85' lang='lat' dir='ltr'><strong>interpretatio</strong></span> <span class='ocrx_word' id='word_1_161' title='bbox 1061 2370 1175 2411; x_wconf 90' lang='lat' dir='ltr'><strong>summo</strong></span> <span class='ocrx_word' id='word_1_162' title='bbox 1205 2369 1295 2410; x_wconf 83' lang='lat' dir='ltr'><strong>versu</strong></span> 
     </span>
     <span class='ocr_line' id='line_1_23' title="bbox 273 2439 1293 2516; baseline 0.001 -18"><span class='ocrx_word' id='word_1_163' title='bbox 273 2440 342 2501; x_wconf 85' lang='grc'><strong>10111</strong></span> <span class='ocrx_word' id='word_1_164' title='bbox 367 2439 476 2499; x_wconf 68' lang='grc'><strong>51110.</strong></span> <span class='ocrx_word' id='word_1_165' title='bbox 513 2440 715 2515; x_wconf 86' lang='lat' dir='ltr'><strong>quamobrem,</strong></span> <span class='ocrx_word' id='word_1_166' title='bbox 739 2458 806 2499; x_wconf 90' lang='lat' dir='ltr'><strong>cum</strong></span> <span class='ocrx_word' id='word_1_167' title='bbox 829 2458 968 2499; x_wconf 83' lang='lat' dir='ltr'><strong>versuum</strong></span> <span class='ocrx_word' id='word_1_168' title='bbox 992 2441 1117 2516; x_wconf 85' lang='lat' dir='ltr'><strong>singulis</strong></span> <span class='ocrx_word' id='word_1_169' title='bbox 1139 2442 1221 2499; x_wconf 86' lang='lat' dir='ltr'><strong>foliis</strong></span> <span class='ocrx_word' id='word_1_170' title='bbox 1245 2460 1293 2499; x_wconf 84' lang='lat' dir='ltr'><strong>ex-</strong></span> 
     </span>
     <span class='ocr_line' id='line_1_24' title="bbox 272 2528 1294 2605; baseline 0 -17"><span class='ocrx_word' id='word_1_171' title='bbox 272 2530 457 2605; x_wconf 78' lang='lat' dir='ltr'><strong>plicatorem</strong></span> <span class='ocrx_word' id='word_1_172' title='bbox 474 2546 615 2589; x_wconf 87' lang='lat' dir='ltr'><strong>numerus</strong></span> <span class='ocrx_word' id='word_1_173' title='bbox 634 2530 870 2588; x_wconf 74' lang='grc'><strong>10100170130</strong></span> <span class='ocrx_word' id='word_1_174' title='bbox 889 2528 987 2587; x_wconf 89' lang='lat' dir='ltr'><strong>variet</strong></span> <span class='ocrx_word' id='word_1_175' title='bbox 1004 2530 1035 2587; x_wconf 91' lang='lat' dir='ltr'><strong>et</strong></span> <span class='ocrx_word' id='word_1_176' title='bbox 1052 2529 1166 2588; x_wconf 90' lang='lat' dir='ltr'><strong>medius</strong></span> <span class='ocrx_word' id='word_1_177' title='bbox 1181 2531 1222 2588; x_wconf 91' lang='lat' dir='ltr'><strong>sit</strong></span> <span class='ocrx_word' id='word_1_178' title='bbox 1241 2531 1294 2603; x_wconf 80' lang='lat'><strong>23,</strong></span> 
     </span>
     <span class='ocr_line' id='line_1_25' title="bbox 274 2617 1291 2693; baseline -0.001 -15"><span class='ocrx_word' id='word_1_179' title='bbox 274 2618 404 2678; x_wconf 88' lang='lat' dir='ltr'><strong>duarum</strong></span> <span class='ocrx_word' id='word_1_180' title='bbox 422 2619 592 2677; x_wconf 88' lang='lat' dir='ltr'><strong>chartarum</strong></span> <span class='ocrx_word' id='word_1_181' title='bbox 611 2617 823 2692; x_wconf 90' lang='lat' dir='ltr'><strong>membranam,</strong></span> <span class='ocrx_word' id='word_1_182' title='bbox 842 2636 920 2693; x_wconf 89' lang='lat' dir='ltr'><strong>quae</strong></span> <span class='ocrx_word' id='word_1_183' title='bbox 938 2617 1065 2676; x_wconf 89' lang='lat' dir='ltr'><strong>interior</strong></span> <span class='ocrx_word' id='word_1_184' title='bbox 1081 2618 1149 2692; x_wconf 87' lang='lat' dir='ltr'><strong>fuit,</strong></span> <span class='ocrx_word' id='word_1_185' title='bbox 1166 2617 1291 2693; x_wconf 90' lang='lat' dir='ltr'><strong>periisse</strong></span> 
     </span>
     <span class='ocr_line' id='line_1_26' title="bbox 273 2706 1293 2782; baseline -0.001 -16"><span class='ocrx_word' id='word_1_186' title='bbox 273 2711 302 2766; x_wconf 89' lang='lat' dir='ltr'><strong>et</strong></span> <span class='ocrx_word' id='word_1_187' title='bbox 330 2708 384 2782; x_wconf 90' lang='lat' dir='ltr'><strong>qui</strong></span> <span class='ocrx_word' id='word_1_188' title='bbox 414 2726 492 2766; x_wconf 90' lang='lat' dir='ltr'><strong>nunc</strong></span> <span class='ocrx_word' id='word_1_189' title='bbox 515 2708 612 2767; x_wconf 89' lang='lat' dir='ltr'><strong>ternio</strong></span> <span class='ocrx_word' id='word_1_190' title='bbox 637 2710 682 2766; x_wconf 86' lang='lat' dir='ltr'><strong>est</strong></span> <span class='ocrx_word' id='word_1_191' title='bbox 706 2706 931 2782; x_wconf 89' lang='lat' dir='ltr'><strong>quaternionem</strong></span> <span class='ocrx_word' id='word_1_192' title='bbox 955 2706 1127 2765; x_wconf 75' lang='grc'><strong>1010001100</strong></span> <span class='ocrx_word' id='word_1_193' title='bbox 1151 2706 1293 2765; x_wconf 83' lang='lat' dir='ltr'><strong>foliorum</strong></span> 
     </span>
    </p>
   </div>
   <div class='ocr_carea' id='block_1_3' title="bbox 273 2794 1293 2871">
    <p class='ocr_par' dir='ltr' id='par_1_3' title="bbox 273 2794 1293 2871">
     <span class='ocr_line' id='line_1_27' title="bbox 273 2794 1293 2871; baseline -0.001 -16"><span class='ocrx_word' id='word_1_194' title='bbox 273 2794 470 2871; x_wconf 79' lang='lat' dir='ltr'><strong>dispositione</strong></span> <span class='ocrx_word' id='word_1_195' title='bbox 494 2796 727 2856; x_wconf 87' lang='lat' dir='ltr'><strong>demonstratur:</strong></span> <span class='ocrx_word' id='word_1_196' title='bbox 754 2796 803 2853; x_wconf 80' lang='lat'><strong>48.</strong></span> <span class='ocrx_word' id='word_1_197' title='bbox 830 2797 881 2853; x_wconf 80' lang='lat'><strong>49.</strong></span> <span class='ocrx_word' id='word_1_198' title='bbox 906 2795 957 2853; x_wconf 87' lang='grc'><strong>50.</strong></span> <span class='ocrx_word' id='word_1_199' title='bbox 981 2796 1010 2853; x_wconf 91' lang='lat'><strong>0.</strong></span> <span class='ocrx_word' id='word_1_200' title='bbox 1034 2796 1064 2854; x_wconf 89' lang='grc' dir='ltr'><strong>Ο.</strong></span> <span class='ocrx_word' id='word_1_201' title='bbox 1089 2796 1139 2853; x_wconf 91' lang='grc'><strong>51.</strong></span> <span class='ocrx_word' id='word_1_202' title='bbox 1165 2797 1215 2855; x_wconf 81' lang='lat'><strong>52.</strong></span> <span class='ocrx_word' id='word_1_203' title='bbox 1240 2796 1293 2854; x_wconf 85' lang='grc'><strong>53.</strong></span> 
     </span>
    </p>
   </div>
   <div class='ocr_carea' id='block_1_4' title="bbox 268 2874 1297 3724">
    <p class='ocr_par' dir='ltr' id='par_1_4' title="bbox 268 2874 1297 3724">
     <span class='ocr_line' id='line_1_28' title="bbox 771 2874 1269 3012; baseline 0 -11"><span class='ocrx_word' id='word_1_204' title='bbox 771 2874 1269 3012; x_wconf 48' lang='lat' dir='ltr'><em>Q</em></span> 
     </span>
     <span class='ocr_line' id='line_1_29' title="bbox 272 3024 1293 3086; baseline 0 -1"><span class='ocrx_word' id='word_1_205' title='bbox 272 3026 303 3085; x_wconf 90' lang='lat' dir='ltr'><strong>in</strong></span> <span class='ocrx_word' id='word_1_206' title='bbox 335 3028 524 3086; x_wconf 79' lang='lat' dir='ltr'><strong>terntonibus</strong></span> <span class='ocrx_word' id='word_1_207' title='bbox 552 3026 671 3086; x_wconf 87' lang='lat' dir='ltr'>XVIIII</span> <span class='ocrx_word' id='word_1_208' title='bbox 702 3029 733 3085; x_wconf 88' lang='lat' dir='ltr'><strong>et</strong></span> <span class='ocrx_word' id='word_1_209' title='bbox 762 3027 845 3084; x_wconf 92' lang='lat' dir='ltr'><strong>XXX</strong></span> <span class='ocrx_word' id='word_1_210' title='bbox 877 3026 952 3085; x_wconf 91' lang='lat' dir='ltr'><strong>nihil</strong></span> <span class='ocrx_word' id='word_1_211' title='bbox 985 3024 1184 3085; x_wconf 85' lang='lat' dir='ltr'><strong>desideratur:</strong></span> <span class='ocrx_word' id='word_1_212' title='bbox 1221 3044 1293 3085; x_wconf 87' lang='lat' dir='ltr'><strong>casu</strong></span> 
     </span>
     <span class='ocr_line' id='line_1_30' title="bbox 271 3115 1292 3192; baseline 0.001 -19"><span class='ocrx_word' id='word_1_213' title='bbox 271 3118 372 3176; x_wconf 90' lang='lat' dir='ltr'><strong>nescio</strong></span> <span class='ocrx_word' id='word_1_214' title='bbox 397 3135 456 3192; x_wconf 90' lang='lat' dir='ltr'><strong>quo</strong></span> <span class='ocrx_word' id='word_1_215' title='bbox 479 3136 533 3192; x_wconf 91' lang='lat' dir='ltr'><strong>pro</strong></span> <span class='ocrx_word' id='word_1_216' title='bbox 557 3115 802 3191; x_wconf 89' lang='lat' dir='ltr'><strong>quaternionibus</strong></span> <span class='ocrx_word' id='word_1_217' title='bbox 824 3116 1015 3191; x_wconf 90' lang='lat' dir='ltr'><strong>irrepserunt.</strong></span> <span class='ocrx_word' id='word_1_218' title='bbox 1061 3116 1092 3172; x_wconf 89' lang='lat' dir='ltr'><strong>in</strong></span> <span class='ocrx_word' id='word_1_219' title='bbox 1121 3117 1292 3191; x_wconf 87' lang='lat' dir='ltr'><strong>quaternio·</strong></span> 
     </span>
     <span class='ocr_line' id='line_1_31' title="bbox 271 3204 1292 3281; baseline -0.002 -18"><span class='ocrx_word' id='word_1_220' title='bbox 271 3204 359 3264; x_wconf 89' lang='lat' dir='ltr'><strong>uibus</strong></span> <span class='ocrx_word' id='word_1_221' title='bbox 379 3204 440 3263; x_wconf 89' lang='lat' dir='ltr'><strong>VH</strong></span> <span class='ocrx_word' id='word_1_222' title='bbox 462 3205 548 3263; x_wconf 91' lang='lat' dir='ltr'>XVII</span> <span class='ocrx_word' id='word_1_223' title='bbox 571 3204 642 3263; x_wconf 90' lang='lat' dir='ltr'><strong>XXI</strong></span> <span class='ocrx_word' id='word_1_224' title='bbox 665 3207 807 3281; x_wconf 90' lang='lat' dir='ltr'><strong>quoniam</strong></span> <span class='ocrx_word' id='word_1_225' title='bbox 829 3204 905 3262; x_wconf 91' lang='lat' dir='ltr'><strong>nihil</strong></span> <span class='ocrx_word' id='word_1_226' title='bbox 929 3204 1020 3277; x_wconf 85' lang='lat' dir='ltr'><strong>deest,</strong></span> <span class='ocrx_word' id='word_1_227' title='bbox 1038 3204 1180 3262; x_wconf 89' lang='lat' dir='ltr'><strong>librarius</strong></span> <span class='ocrx_word' id='word_1_228' title='bbox 1198 3223 1292 3262; x_wconf 89' lang='lat' dir='ltr'><strong>unum</strong></span> 
     </span>
     <span class='ocr_line' id='line_1_32' title="bbox 270 3292 1292 3369; baseline -0.001 -18"><span class='ocrx_word' id='word_1_229' title='bbox 270 3293 379 3353; x_wconf 85' lang='lat' dir='ltr'><strong>lolium</strong></span> <span class='ocrx_word' id='word_1_230' title='bbox 403 3312 531 3352; x_wconf 86' lang='lat' dir='ltr'><strong>vacuum</strong></span> <span class='ocrx_word' id='word_1_231' title='bbox 553 3295 709 3369; x_wconf 89' lang='lat' dir='ltr'><strong>reliquisse</strong></span> <span class='ocrx_word' id='word_1_232' title='bbox 732 3292 882 3367; x_wconf 89' lang='lat' dir='ltr'><strong>putandus</strong></span> <span class='ocrx_word' id='word_1_233' title='bbox 907 3296 959 3351; x_wconf 87' lang='lat' dir='ltr'><strong>est.</strong></span> <span class='ocrx_word' id='word_1_234' title='bbox 1002 3293 1082 3368; x_wconf 89' lang='lat' dir='ltr'><strong>quod</strong></span> <span class='ocrx_word' id='word_1_235' title='bbox 1104 3312 1141 3351; x_wconf 92' lang='lat' dir='ltr'><strong>ne</strong></span> <span class='ocrx_word' id='word_1_236' title='bbox 1164 3292 1292 3351; x_wconf 90' lang='lat' dir='ltr'><strong>incredi-</strong></span> 
     </span>
     <span class='ocr_line' id='line_1_33' title="bbox 270 3380 1292 3457; baseline -0.002 -16"><span class='ocrx_word' id='word_1_237' title='bbox 270 3380 329 3441; x_wconf 90' lang='lat' dir='ltr'><strong>bile</strong></span> <span class='ocrx_word' id='word_1_238' title='bbox 349 3382 499 3456; x_wconf 85' lang='lat' dir='ltr'><strong>videatur,</strong></span> <span class='ocrx_word' id='word_1_239' title='bbox 518 3384 643 3442; x_wconf 79' lang='lat' dir='ltr'><strong>eundern</strong></span> <span class='ocrx_word' id='word_1_240' title='bbox 662 3383 729 3441; x_wconf 89' lang='lat' dir='ltr'><strong>folii</strong></span> <span class='ocrx_word' id='word_1_241' title='bbox 744 3384 785 3440; x_wconf 84' lang='grc'><strong>35</strong></span> <span class='ocrx_word' id='word_1_242' title='bbox 805 3384 949 3457; x_wconf 79' lang='lat' dir='ltr'><strong>paginam</strong></span> <span class='ocrx_word' id='word_1_243' title='bbox 966 3383 1096 3456; x_wconf 90' lang='lat' dir='ltr'><strong>priorem</strong></span> <span class='ocrx_word' id='word_1_244' title='bbox 1115 3383 1176 3441; x_wconf 89' lang='lat' dir='ltr'><strong>fere</strong></span> <span class='ocrx_word' id='word_1_245' title='bbox 1195 3384 1292 3441; x_wconf 89' lang='lat' dir='ltr'><strong>totam</strong></span> 
     </span>
     <span class='ocr_line' id='line_1_34' title="bbox 269 3469 1292 3549; baseline -0.002 -19"><span class='ocrx_word' id='word_1_246' title='bbox 269 3475 299 3530; x_wconf 90' lang='lat' dir='ltr'><strong>et</strong></span> <span class='ocrx_word' id='word_1_247' title='bbox 322 3471 394 3530; x_wconf 81' lang='lat' dir='ltr'><strong>folii</strong></span> <span class='ocrx_word' id='word_1_248' title='bbox 415 3473 478 3530; x_wconf 84' lang='lat'><strong>138</strong></span> <span class='ocrx_word' id='word_1_249' title='bbox 502 3474 631 3549; x_wconf 83' lang='lat' dir='ltr'><strong>paginae</strong></span> <span class='ocrx_word' id='word_1_250' title='bbox 654 3470 828 3547; x_wconf 89' lang='lat' dir='ltr'><strong>posterioris</strong></span> <span class='ocrx_word' id='word_1_251' title='bbox 852 3469 1008 3529; x_wconf 89' lang='lat' dir='ltr'><strong>dimidiam</strong></span> <span class='ocrx_word' id='word_1_252' title='bbox 1027 3471 1155 3546; x_wconf 90' lang='lat' dir='ltr'><strong>amplius</strong></span> <span class='ocrx_word' id='word_1_253' title='bbox 1174 3473 1292 3546; x_wconf 86' lang='lat' dir='ltr'><strong>partem</strong></span> 
     </span>
     <span class='ocr_line' id='line_1_35' title="bbox 269 3558 1292 3635; baseline -0.003 -17"><span class='ocrx_word' id='word_1_254' title='bbox 269 3561 354 3619; x_wconf 88' lang='lat' dir='ltr'><strong>nulla</strong></span> <span class='ocrx_word' id='word_1_255' title='bbox 378 3578 470 3619; x_wconf 88' lang='lat' dir='ltr'><strong>causa</strong></span> <span class='ocrx_word' id='word_1_256' title='bbox 493 3579 602 3619; x_wconf 84' lang='lat' dir='ltr'><strong>vacuas</strong></span> <span class='ocrx_word' id='word_1_257' title='bbox 626 3560 773 3619; x_wconf 90' lang='lat' dir='ltr'><strong>dimisisse</strong></span> <span class='ocrx_word' id='word_1_258' title='bbox 796 3578 910 3618; x_wconf 87' lang='lat' dir='ltr'><strong>moneo.</strong></span> <span class='ocrx_word' id='word_1_259' title='bbox 951 3561 1071 3635; x_wconf 80' lang='lat' dir='ltr'><strong>integra</strong></span> <span class='ocrx_word' id='word_1_260' title='bbox 1089 3562 1189 3618; x_wconf 88' lang='lat' dir='ltr'><strong>autem</strong></span> <span class='ocrx_word' id='word_1_261' title='bbox 1208 3558 1292 3633; x_wconf 85' lang='lat' dir='ltr'><strong>folia,</strong></span> 
     </span>
     <span class='ocr_line' id='line_1_36' title="bbox 268 3649 1297 3724; baseline -0.003 -15"><span class='ocrx_word' id='word_1_262' title='bbox 268 3650 292 3709; x_wconf 86' lang='lat' dir='ltr'><strong>si</strong></span> <span class='ocrx_word' id='word_1_263' title='bbox 320 3667 423 3709; x_wconf 82' lang='lat' dir='ltr'><strong>vacua</strong></span> <span class='ocrx_word' id='word_1_264' title='bbox 452 3652 551 3724; x_wconf 89' lang='lat' dir='ltr'><strong>erant,</strong></span> <span class='ocrx_word' id='word_1_265' title='bbox 579 3652 677 3709; x_wconf 86' lang='lat' dir='ltr'><strong>excisa</strong></span> <span class='ocrx_word' id='word_1_266' title='bbox 700 3668 763 3708; x_wconf 90' lang='lat' dir='ltr'><strong>esse</strong></span> <span class='ocrx_word' id='word_1_267' title='bbox 787 3650 909 3706; x_wconf 90' lang='lat' dir='ltr'><strong>minime</strong></span> <span class='ocrx_word' id='word_1_268' title='bbox 932 3651 1042 3706; x_wconf 89' lang='lat' dir='ltr'><strong>mirum</strong></span> <span class='ocrx_word' id='word_1_269' title='bbox 1065 3651 1119 3707; x_wconf 88' lang='lat' dir='ltr'><strong>est.</strong></span> <span class='ocrx_word' id='word_1_270' title='bbox 1164 3649 1240 3707; x_wconf 86' lang='lat' dir='ltr'><strong>haee</strong></span> <span class='ocrx_word' id='word_1_271' title='bbox 1261 3650 1297 3706; x_wconf 88' lang='lat' dir='ltr'><strong>et</strong></span> 
     </span>
    </p>
   </div>
   <div class='ocr_carea' id='block_1_5' title="bbox 268 3738 1406 3820">
    <p class='ocr_par' dir='ltr' id='par_1_5' title="bbox 268 3738 1406 3820">
     <span class='ocr_line' id='line_1_37' title="bbox 268 3738 1406 3820; baseline 0 -24"><span class='ocrx_word' id='word_1_272' title='bbox 268 3738 399 3799; x_wconf 82' lang='lat' dir='ltr'><strong>fortasse</strong></span> <span class='ocrx_word' id='word_1_273' title='bbox 428 3738 516 3795; x_wconf 78' lang='lat' dir='ltr'><strong>etiarn</strong></span> <span class='ocrx_word' id='word_1_274' title='bbox 546 3756 622 3810; x_wconf 85' lang='lat' dir='ltr'><strong>quae</strong></span> <span class='ocrx_word' id='word_1_275' title='bbox 653 3739 796 3798; x_wconf 79' lang='lat' dir='ltr'><strong>contrnuo</strong></span> <span class='ocrx_word' id='word_1_276' title='bbox 828 3738 1045 3820; x_wconf 87' lang='lat' dir='ltr'><strong>tractabimus,</strong></span> <span class='ocrx_word' id='word_1_277' title='bbox 1079 3743 1108 3803; x_wconf 88' lang='lat' dir='ltr'><strong>si</strong></span> <span class='ocrx_word' id='word_1_278' title='bbox 1141 3740 1316 3803; x_wconf 62' lang='lat' dir='ltr'><strong>dissolvere</strong></span> <span class='ocrx_word' id='word_1_279' title='bbox 1403 3779 1406 3786; x_wconf 50' lang='lat'><em>2</em></span> 
     </span>
    </p>
   </div>
   <div class='ocr_carea' id='block_1_6' title="bbox 0 0 1630 4350">
    <p class='ocr_par' dir='ltr' id='par_1_6' title="bbox 0 0 1630 4350">
     <span class='ocr_line' id='line_1_38' title="bbox 0 0 1630 4350; baseline 0 4"><span class='ocrx_word' id='word_1_280' title='bbox 0 0 1630 4350; x_wconf 95' lang='lat' dir='ltr'><strong> </strong></span> 
     </span>
    </p>
   </div>
  </div>
 </body>
</html>
