3250 4350
355 393 420 456 114
634 391 775 446 DONATI
792 391 962 447 mataps.
983 390 1089 446 VERG.

352 563 444 620 tiores
466 563 505 620 iis
529 561 582 637 qui
604 579 672 620 cum
695 578 731 619 ea
753 560 790 620 de
813 561 893 636 Tyro
921 563 953 619 in
975 563 1065 619 tanta
1085 561 1265 619 necessitate
1287 562 1373 618 navi-

298 650 514 729 tttgaverantss
560 654 646 724 atque
671 653 788 709 atinam
816 668 869 709 rea
896 653 959 724 ipsc
987 655 1053 708 aeto
1085 651 1243 722 conpulsus
1273 651 1372 708 eodan

350 741 467 812 adforet
491 738 629 798 Aeneas:-
660 741 733 814 quia
764 739 896 799 advertit
923 740 1069 798 Troianos
1101 740 1175 798 setis
1207 737 1245 796 de
1272 738 1371 797 salute

349 830 429 906 regis
453 830 500 888 sui
523 846 586 888 esse
604 829 757 902 sollicitos,
775 829 856 886 ultro
876 828 962 887 offert
980 827 1183 904 inquisitionis
1202 829 1267 886 eius
1286 827 1371 886 auxi·

349 918 425 977 lium
448 919 479 976 et
502 919 589 993 optat
612 917 782 978 adventurn.
822 919 952 990 equidem
969 937 1027 991 per
1048 919 1135 976 litora
1158 920 1249 975 certos
1272 917 1370 975 dimit·
1393 936 1404 977 e

350 1011 425 1066 tam:
448 1009 543 1066 certos
567 1007 644 1065 dixit
667 1007 838 1082 exploratae
861 1006 1037 1084 diligentiae
1059 1006 1194 1066 homines
1215 1008 1318 1080 atquc,
1337 1008 1372 1064 ut

350 1098 477 1156 satiaret
500 1096 595 1155 oblati
617 1095 753 1155 beneficii
771 1097 910 1172 gratiam,
930 1095 1047 1154 addidit
1066 1100 1093 1154 ct
1107 1095 1222 1170 Isibpoe
1241 1095 1371 1153 lustrare

351 1190 477 1244 eatrcma
504 1186 620 1253 labate,
647 1187 674 1243 si
701 1185 806 1258 quibas
829 1187 933 1243 ciectus
955 1186 1038 1243 salcis
1061 1188 1114 1243 act
1134 1185 1257 1242 urbibus
1281 1187 1369 1243 errat

350 1274 399 1332 bic
421 1273 552 1334 ostendit
565 1274 717 1352 Vergilius
741 1273 795 1333 sub
818 1273 945 1333 Didonis
967 1274 1094 1348 imperio
1116 1291 1177 1331 non
1195 1273 1284 1330 illam
1303 1277 1370 1332 tan·

348 1366 414 1422 tum
438 1381 515 1439 quae
538 1363 729 1437 condebatur,
753 1363 804 1422 sed
828 1364 940 1422 multas
963 1363 1040 1422 alias
1062 1363 1154 1421 fuisse
1177 1362 1329 1420 civitaten.
1381 1381 1403 1421 1o

295 1461 348 1512 580
416 1452 476 1511 His
503 1454 637 1511 mimam
664 1456 771 1512 arrecti
797 1453 882 1510 dictis
908 1456 936 1511 ct
960 1455 1046 1526 sortis
1073 1451 1198 1510 Achates
1231 1455 1259 1509 et
1278 1455 1369 1524 pater

346 1539 464 1601 Aeacos
486 1542 661 1600 iceadudam
684 1559 834 1614 caepae
850 1542 956 1600 cabaa
975 1541 1135 1611 ardebant·
1157 1559 1251 1615 supra
1270 1531 1367 1621 (514)

347 1632 428 1689 enim
450 1630 527 1688 dixit
550 1632 746 1706 „laetitiaque
768 1633 910 1706 metuque
934 1630 1016 1688 auidi
1039 1631 1218 1706 coniungere
1247 1628 1367 1688 dextras

347 1718 502 1793 ardebant,
520 1720 571 1780 sed
594 1738 640 1778 res
664 1721 780 1778 animos
803 1721 959 1797 incognita
981 1719 1096 1778 turbat:
1121 1717 1316 1777 dissimulant
1338 1721 1368 1776 et

345 1809 424 1868 nube
447 1828 521 1868 cava
545 1809 737 1884 speculantur
759 1810 863 1868 amicti
887 1827 963 1884 quae
985 1810 1107 1868 fortuna
1129 1808 1216 1880 viris,
1240 1807 1367 1867 classem
1379 1825 1401 1866 15

347 1917 406 1973 quo
429 1898 517 1956 litore
540 1897 705 1974 linquant“.
743 1916 811 1961 cum
833 1897 928 1975 igitur
951 1899 1051 1957 omnia
1074 1898 1191 1956 cautius
1215 1897 1366 1971 exploras.-

346 1990 420 2061 sent,
443 2006 480 2046 ne
499 1987 577 2044 Dido
602 1989 689 2062 quasi
710 1986 864 2046 absentem
881 1987 1004 2046 Aenean
1021 1985 1138 2046 iuberet
1154 1987 1279 2061 inquiri,
1298 2005 1365 2044 con·

346 2077 448 2134 silium
471 2077 530 2135 fuit
553 2078 589 2134 ut
611 2076 691 2135 ultro
715 2094 779 2135 sese
802 2076 943 2135 offerrent
966 2078 1018 2152 qui
1036 2077 1156 2133 fuerant
1174 2076 1237 2132 iam
1255 2074 1293 2132 de
1312 2093 1366 2133 sua

346 2181 381 2224 ac
404 2184 526 2224 suorum
549 2166 645 2225 salute
668 2165 772 2226 securi.
804 2168 892 2239 prior
914 2163 1037 2225 Aeaeam
1060 2165 1202 2238 conpellat
1223 2162 1365 2224 Achates:

345 2258 413 2313 autc
444 2255 506 2313 dea.
554 2255 624 2314 licet
656 2258 766 2329 socius,
799 2259 913 2328 tamen,
947 2255 1017 2329 quia
1046 2256 1105 2312 fuit
1135 2254 1272 2327 inferior,
1305 2271 1399 2311 nonae

345 2344 464 2401 nomine
492 2362 544 2401 suo
569 2363 635 2402 eum
659 2346 838 2421 appellauit,
867 2344 918 2402 sed
942 2363 1009 2402 cum
1032 2345 1114 2402 omni
1135 2342 1364 2401 honorificentia

345 2434 455 2491 omisso
477 2451 547 2491 vero
571 2436 689 2493 nomine
714 2438 819 2493 natum
842 2434 919 2491 dixit
942 2453 976 2491 ex
995 2432 1059 2490 dea.
1095 2432 1214 2506 reliqua
1232 2431 1364 2489 breviter

345 2521 475 2597 explicat
503 2541 578 2597 quae
601 2541 650 2581 eos
674 2524 923 2582 sollicitaverant:
955 2520 1048 2597 [qaae
1070 2540 1148 2580 acac
1172 2523 1271 2579 arciaco
1300 2539 1362 2579 sca·

344 2614 434 2671 teatio
456 2609 589 2685 sarem]
624 2615 732 2680 amaia,
750 2614 859 2686 inquit,
878 2616 941 2670 tata
963 2613 1053 2680 eidos,
1072 2612 1193 2670 classem
1215 2611 1362 2683 sociosque

343 2704 476 2773 receptos.
522 2717 601 2758 acus
629 2702 719 2768 abest,
747 2702 841 2759 medio
868 2703 902 2759 ia
928 2703 1020 2772 stacta
1047 2718 1130 2773 qaam
1152 2700 1281 2758 vidimus
1304 2700 1396 2772 ipsis

293 2790 550 2857 btosabmerswm,
583 2789 667 2848 dictis
698 2790 873 2863 respondeat
899 2794 993 2848 cetera
1020 2791 1132 2847 matris.
1179 2787 1361 2847 confirmatis

343 2877 431 2936 rebus
459 2879 609 2952 prosperis
637 2879 736 2937 animo
768 2878 912 2937 ardebant
941 2881 1032 2954 rupta
1062 2876 1141 2935 nube
1169 2878 1304 2936 omnium
1331 2895 1361 2935 se

343 2970 566 3041 repraesentare
590 2968 804 3041 conspectibus,
828 2970 863 3025 ut
884 2967 995 3026 Didoni
1019 2967 1132 3044 gratius
1156 2965 1241 3024 fieret
1264 2984 1359 3025 susce·

343 3056 421 3130 pisso
445 3074 475 3114 se
498 3054 634 3114 faciliore
657 3057 707 3114 via
726 3076 813 3132 quem
832 3075 941 3132 magno
961 3057 1062 3114 labore
1081 3055 1221 3130 cupiebat
1240 3054 1359 3129 inquiri.

344 3144 590 3203 considerandum
618 3148 663 3203 est
691 3144 840 3219 quomodo
867 3145 915 3201 bic
939 3163 1056 3219 quoque
1078 3146 1181 3202 teneat
1203 3148 1294 3219 pocta
1316 3143 1359 3202 di·
1372 3164 1396 3203 so

343 3234 428 3292 cendi
442 3225 593 3307 virtutem,
609 3233 859 3309 quemadmodum
872 3235 946 3292 locis
960 3234 1021 3291 suis
1040 3251 1235 3309 personarum
1252 3232 1359 3291 merita

343 3322 493 3382 discernat
520 3342 555 3381 ac
583 3326 689 3382 servet.
734 3324 859 3382 inferior
886 3322 1015 3381 Achates
1044 3324 1115 3396 fuit,
1148 3324 1179 3380 et
1206 3322 1359 3379 meliorem

342 3412 532 3487 prudentiam
560 3411 665 3471 debuit
692 3412 810 3471 Aeneae
837 3411 969 3471 tribuere
998 3430 1085 3486 quem
1112 3410 1270 3470 constabat
1298 3428 1358 3469 esse

414 3636 603 3704 seaeoptatss
621 3642 646 3690 a
665 3641 779 3705 opaea.
845 3635 924 3689 aaa
942 3600 1061 3688 na'ruc
1079 3633 1122 3687 ee.
1192 3640 1226 3687 23
1245 3651 1358 3703 quae-

343 3712 376 3759 at
395 3708 485 3778 saepit
503 3708 582 3761 deest
600 3706 630 3761 iu
648 3707 709 3774 LR,
730 3707 779 3761 scd
797 3705 963 3775 explicatur.
1033 3710 1067 3759 28
1082 3712 1261 3775 praesentare
1279 3706 1323 3759 ed.

342 3784 375 3833 29
394 3779 517 3845 faciliori
535 3779 578 3833 ed.
