3250 4350
709 435 892 491 susumus
910 436 960 490 [V.
1274 437 1341 502 413

322 605 485 679 per-'niciam
508 623 594 663 suum
616 604 779 663 crudelium
802 605 1040 665 consideratione
1064 608 1250 682 coeptorum,
1278 607 1341 667 vol·

323 711 397 751 vens
420 694 520 753 oculos
544 694 672 753 suffusos
695 694 849 772 sauguine,
867 694 992 753 maculis
1011 713 1081 753 vero
1105 694 1231 755 sordidis
1250 715 1340 773 geues

323 781 436 841 habens
469 782 600 841 variatas
633 786 663 840 et
695 785 764 841 ante
797 784 932 842 futuram
966 788 1092 843 mortem
1124 785 1189 842 iam·
1217 784 1340 859 pallida.

322 873 467 930 interiora
496 874 596 930 autem
624 872 729 930 limina
756 873 905 948 inrumpit
930 863 1006 951 (non
1034 872 1107 931 dicit
1129 873 1264 950 ingressa
1287 877 1340 946 est,

288 960 376 1020 esed
398 961 523 1036 inrupit,
545 964 580 1018 ut
602 961 772 1020 ostenderet
794 953 966 1042 furentem),
990 962 1132 1036 quoniam
1155 980 1246 1037 supra
1265 961 1341 1021 dixit

323 1041 420 1130 (494)
444 1052 495 1123 „tu
519 1052 632 1108 secreta
654 1069 762 1126 pyram
784 1053 864 1109 tecto
886 1051 1028 1109 interiore
1049 1050 1105 1109 sub
1124 1069 1213 1110 auras
1233 1050 1339 1128 erige“.

322 1158 394 1216 ergo
422 1140 529 1197 merito
557 1139 601 1196 ait
627 1140 771 1198 interiora
795 1139 900 1198 domus
922 1139 1068 1214 inrumpit
1090 1140 1196 1198 limina
1218 1143 1249 1198 et
1272 1158 1339 1202 cou-

322 1231 471 1286 structam
485 1227 577 1285 altius
590 1246 697 1303 pyram
712 1228 875 1286 furibunda
888 1228 1067 1288 conscendit.
1092 1229 1217 1288 exclusit
1228 1230 1340 1308 ragina

322 1315 473 1394 gladium,
502 1335 590 1392 quem
613 1316 723 1375 oblivio
746 1319 935 1392 properantis
958 1317 1123 1393 reliquerat
1145 1336 1205 1376 uon
1228 1317 1268 1377 ad
1290 1337 1340 1378 eos

274 1424 395 1470 seusus
419 1424 493 1481 quos
514 1406 598 1464 turer
621 1405 750 1465 amantis
773 1406 952 1464 inveniebat.
996 1406 1071 1465 bene
1095 1409 1196 1466 autem
1224 1406 1340 1466 addidit

321 1497 415 1570 poeta
437 1495 597 1553 furibunda
621 1494 792 1555 conscendit
815 1494 1007 1555 altitudinem
1025 1498 1101 1572 rogi,
1119 1498 1154 1555 ut
1172 1495 1340 1555 ostenderet

322 1583 440 1642 nullum
459 1583 495 1642 de
513 1602 583 1642 nece
602 1602 657 1642 sua
675 1602 760 1659 posse
775 1585 980 1660 cogitarenisi
994 1585 1193 1660 quamprimo
1208 1587 1340 1644 amentia

321 1672 433 1731 fureris
461 1673 648 1748 oppresserit.
693 1675 740 1731 bic
757 1678 914 1746 postquem
936 1674 1051 1731 iliacos
1072 1678 1341 1747 senectutemque

321 1762 417 1822 mobile
435 1765 589 1835 conspexit,
598 1763 727 1835 paulum
745 1763 874 1821 laertem
893 1766 920 1821 et
935 1766 1028 1821 mente
1041 1767 1156 1821 morato
1169 1759 1330 1836 [Μαάθ
1341 1768 1393 1818 660

273 1875 304 1917 15
322 1869 379 1924 que
397 1854 458 1909 toro
476 1852 604 1923 dicitque
621 1852 782 1909 uouimlmu
798 1849 920 1926 uerboJ:
946 1850 1064 1926 quando
1088 1850 1127 1909 ad
1149 1851 1246 1926 ipsam
1269 1871 1339 1911 ven·

321 1944 390 1998 tum
423 1942 468 1998 est
499 1959 605 2016 pyram
638 1941 668 1998 et
699 1939 776 1997 vidit
803 1941 902 1998 vestes
929 1939 1037 1998 Iliacas
1065 1942 1096 1998 et
1123 1939 1233 2014 cubile,
1261 1940 1339 2000 uude

321 2030 437 2087 malum
469 2049 555 2087 omne
588 2031 789 2102 contraxerat,
820 2029 915 2086 ictum
946 2028 1102 2104 paululum
1135 2028 1253 2088 distulit
1280 2050 1339 2106 quo

321 2119 424 2177 fuerat
445 2121 593 2194 peritura:
616 2117 752 2176 incubuit
775 2120 982 2193 superiorum
1000 2117 1168 2191 lacrimare,
1187 2121 1222 2179 ut
1240 2119 1339 2178 novis·

319 2208 401 2267 sima
424 2211 492 2266 ante
516 2209 692 2285 sauguinem
715 2207 853 2265 funderet
874 2207 978 2282 rerba,
1007 2208 1115 2283 quibus
1142 2209 1243 2267 omnia
1271 2218 1343 2268 cou³

272 2322 305 2361 so
321 2298 472 2360 solaretur
500 2314 576 2371 quae
604 2315 702 2355 secum
729 2298 865 2371 peritura
892 2296 1039 2355 censebat.
1085 2296 1182 2356 deduce
1205 2299 1340 2357 muriae:

320 2386 373 2444 hie
395 2385 601 2461 suspendenda
623 2387 830 2461 pronuntiatio
848 2387 895 2444 est
912 2403 966 2444 nec
984 2385 1168 2463 iungendum
1184 2387 1255 2444 duem
1273 2387 1339 2458 fato

320 2477 449 2547 deraque
475 2475 621 2541 muctam,
649 2494 685 2531 ne
714 2492 884 2549 expressum
911 2476 984 2532 mire
1011 2476 1175 2533 moriturae
1200 2492 1338 2533 vexemus

321 2564 486 2636 adfectum,
514 2567 550 2621 ut
571 2566 694 2638 putetur
714 2563 784 2621 illas
807 2566 904 2623 vestes
927 2582 1027 2622 amare
1053 2562 1177 2636 desisse,
1205 2581 1279 2638 quas
1306 2565 1338 2621 iu

319 2656 443 2713 tantum
470 2652 628 2729 diligebat,
655 2654 691 2710 ut
715 2671 820 2711 aarum
840 2652 963 2711 favillas
985 2655 1046 2710 suis
1069 2651 1200 2710 voluerit
1220 2653 1339 2711 misceri

271 2764 304 2806 ae
320 2741 481 2801 cineribus.
518 2744 601 2799 amat
623 2741 719 2817 igitur
740 2741 796 2800 has
818 2740 976 2799 osteudens
999 2741 1078 2815 quod
1101 2740 1171 2799 illas
1189 2759 1249 2800 nou
1267 2740 1339 2815 odii,

320 2830 375 2889 sed
399 2832 509 2889 amoris
532 2848 622 2889 causa
645 2848 744 2888 secum
762 2828 909 2889 decresset
926 2829 1053 2889 incendi.
1089 2829 1167 2889 hanc
1184 2848 1256 2908 ergo
1275 2849 1338 2890 esse

320 2920 478 2978 meliorem
510 2919 784 2994 pronuntiationem
811 2921 842 2977 et
868 2918 946 2977 huno
977 2919 1220 2993 praeponendum
1251 2919 1337 2979 iutel-

320 3010 433 3068 lectum
465 3011 537 3065 tnnc
570 3007 739 3083 apparebit,
765 3026 834 3065 cum
861 3014 962 3067 murus
990 3008 1081 3066 fuerit
1108 3007 1277 3080 ordinatus,
1303 3013 1339 3068 ut

320 3098 515 3159 excludamus
547 3115 597 3155 eos
629 3099 684 3172 qui
714 3096 898 3174 iungendum
931 3100 1042 3171 putant
1077 3095 1179 3156 dulces
1214 3099 1338 3157 muriae

271 3212 304 3253 a
319 3188 394 3245 dum
417 3186 482 3245 fata
504 3186 635 3261 deusque
658 3185 804 3259 sinebant,
822 3189 858 3243 ut
875 3184 1034 3244 videantur
1051 3185 1105 3244 illo
1122 3204 1219 3260 usque
1237 3186 1338 3245 dulces

320 3295 384 3352 quo
408 3276 507 3333 fuerat
528 3276 670 3350 peritura.
716 3274 823 3350 quodsi
846 3292 1055 3333 amurcarum
1078 3276 1182 3333 mortis
1205 3278 1338 3350 tempore

320 3535 367 3589 u
384 3461 832 3601 ,ΜἭᾞ
741 3478 804 3531 “⁹⁰
769 3477 950 3586 μί’-Ἅι
962 3460 1339 3600 &delituerit

320 3606 589 3673 summisque-15
607 3605 688 3657 verbo
707 3602 974 3668 destinasses
1049 3602 1160 3657 licam,
1215 3604 1338 3657 tisino·

319 3674 939 3744 batblditemininterprprioraloco,
962 3677 993 3727 at
1015 3672 1336 3730 aterosinebastlal

320 3745 625 3801 miraeLReorreu
693 3744 1090 3799 uvoluesitbssocllded
1154 3744 1321 3815 sedaepren

321 3816 720 3873 L-eassdoeremeetreu
