3250 4350
655 424 838 479 AENEIDOS
856 425 896 478 IV
1222 425 1287 490 377

267 614 364 670 usque
383 593 461 652 ¹adeo
485 597 519 652 ut
542 595 659 653 omnem
682 613 785 653 curam
810 593 987 669 disponendi
1013 595 1100 671 regni
1126 595 1288 670 tuendique

267 683 449 743 reiecissent
488 683 544 742 hoc
567 687 612 742 est
636 683 714 759 quod
738 683 782 742 ait
799 685 832 742 in
851 683 1003 759 superiore
1020 683 1092 742 libri
1108 686 1195 759 parte
1213 675 1287 765 (86)

268 792 348 848 „non
368 775 491 848 coeptae
509 771 678 850 adsurgunt
695 776 801 845 turres,
820 791 880 830 non
903 791 987 832 arma
1008 774 1149 831 iuventus
1172 776 1289 832 exercet

265 865 412 938 portusve
443 864 497 920 aut
528 861 755 938 propugnacula
785 860 865 920 bello
896 864 966 920 tnta
997 866 1121 938 parant,
1157 860 1288 937 pendent

242 969 363 1027 sopora
384 952 554 1025 interrupta
576 950 736 1025 minaeque
758 970 912 1010 murorum
936 950 1073 1028 ingentes
1101 953 1288 1026 aequataque

269 1040 409 1098 machina
428 1037 537 1098 caelo“.
574 1039 647 1097 haec
666 1038 701 1097 de
720 1039 851 1098 Didone:
869 1040 989 1098 Aeneae
1007 1059 1079 1100 vero
1097 1040 1288 1116 reprehensio

268 1130 339 1203 fuit,
354 1128 434 1204 quod
447 1131 480 1187 in
494 1129 600 1187 alienis
619 1146 805 1187 commorans
824 1129 924 1207 regnis
943 1129 1185 1188 commoditatem
1204 1147 1289 1186 suam

268 1219 460 1296 neglegebat,
489 1236 579 1293 quam
602 1221 719 1292 partem
742 1237 777 1277 ex
799 1217 880 1277 Iovis
903 1236 1031 1294 persona
1052 1218 1205 1294 Vergilius
1228 1236 1287 1276 non

268 1308 366 1366 multo
394 1311 462 1383 post
489 1308 661 1382 plenissime
688 1310 863 1382 prosecutus
891 1311 937 1366 est
965 1299 1060 1388 (267)
1087 1307 1163 1380 „heu
1184 1304 1288 1385 regni“

228 1417 256 1456 ro
271 1400 302 1456 et
325 1399 432 1454 cetera.
470 1396 543 1454 haec
567 1394 679 1471 passim
702 1396 757 1454 dea
779 1395 868 1454 foeda
890 1397 988 1455 virum
1012 1396 1153 1455 diffundit
1169 1397 1202 1453 in
1221 1414 1288 1454 ora:

269 1504 330 1544 non
355 1484 412 1544 dea
433 1484 530 1557 foeda,
553 1484 604 1543 sed
628 1503 681 1544 ora
704 1484 802 1544 virum
820 1485 921 1559 toeda3
944 1484 997 1543 ubi
1016 1486 1095 1544 enim
1113 1485 1186 1561 qnid
1205 1503 1288 1544 secus

270 1574 434 1633 admissum
461 1573 494 1631 in
520 1574 675 1631 hominum
702 1573 858 1632 scientiam
887 1574 1016 1648 venerit,
1047 1576 1165 1650 turpius
1198 1593 1289 1650 quam

270 1663 435 1722 admissum
458 1666 504 1721 est
527 1664 668 1737 carpitur.
713 1662 829 1721 interea
851 1662 1054 1721 definitionem
1072 1663 1182 1722 Famae
1205 1680 1289 1738 repe·

270 1756 381 1826 tamne,
396 1771 488 1826 quam
505 1754 596 1827 poeta
613 1751 830 1826 interponendo
848 1751 922 1810 fecit
938 1751 1126 1827 hyperbaton
1145 1756 1175 1811 et
1190 1755 1289 1811 totum

231 1860 256 1901 15
270 1845 387 1899 textum
414 1842 447 1898 in
474 1840 548 1898 duas
576 1842 672 1916 partis
696 1841 844 1898 abscisum
866 1839 968 1916 posuit
991 1844 1022 1899 et
1044 1842 1142 1899 minus
1166 1841 1289 1900 attentis

270 1930 348 1989 facit
370 1949 508 1988 errorem.
541 1929 650 1998 Fama,
672 1929 781 2005 inquit,
803 1929 925 1997 malam,
947 1947 1003 2002 aaa
1026 1947 1086 1987 aaa
1109 1930 1192 1988 aliud
1214 1932 1288 1989 oela-

271 2022 335 2077 cias
352 2019 625 2087 attaminatum
643 2020 718 2091 riget
735 2020 864 2090 uirisque
881 2019 1013 2090 adquirit
1030 2019 1139 2077 eundo:
1162 2022 1193 2076 et
1211 2021 1341 2091 oit0,175

270 2109 385 2183 inquit,
408 2107 543 2166 ambulat
566 2109 597 2165 et
618 2107 653 2164 fit
675 2106 783 2165 fortior
804 2110 835 2165 et
856 2109 1000 2166 virtutem
1023 2127 1083 2167 non
1106 2107 1214 2184 perdit,
1237 2108 1289 2166 sed

272 2198 418 2273 adquirit:
441 2198 599 2257 contrariis
623 2197 744 2255 iuvatur
765 2200 870 2272 utpote
889 2200 1063 2256 monstrum.
1095 2216 1195 2271 parva
1213 2202 1290 2256 meta

231 2289 377 2361 reprime,
400 2304 466 2345 moa
484 2305 544 2346 sese
563 2287 667 2346 attollit
683 2289 716 2345 ira
734 2304 828 2346 acras
845 2288 1063 2361 brpreditarqae
1080 2286 1141 2345 solo
1160 2292 1186 2345 et
1203 2292 1291 2359 caput

271 2379 349 2434 irater
374 2376 478 2435 aabiia
505 2378 614 2435 candit:
648 2378 763 2434 veteres
792 2394 894 2434 omnes
921 2377 1026 2434 multis
1053 2375 1289 2450 incorporalibus

268 2468 303 2522 ,et
326 2466 447 2523 nomina
470 2464 615 2523 dederunt
638 2466 669 2523 et
689 2465 801 2523 formas
825 2467 855 2523 et
877 2465 1023 2523 nonnulla
1045 2484 1098 2539 pro
1118 2464 1290 2523 numinibus

270 2554 454 2626 habuerunt,
485 2554 652 2612 Victoriam
691 2554 819 2627 scilicet,
851 2552 1061 2625 Concordiam,
1093 2552 1289 2627 Discordiam,

272 2642 426 2715 Furorem,
446 2641 587 2700 Somnum
606 2646 636 2700 et
654 2646 752 2701 cetera
773 2642 897 2701 similia:
922 2644 968 2702 ita
991 2645 1021 2700 et
1039 2642 1163 2700 Famam
1186 2660 1289 2716 corpo-

233 2750 258 2791 as
272 2731 368 2789 ralem
391 2749 454 2789 esse
479 2732 637 2789 voluerunt
659 2734 690 2790 et
713 2730 807 2806 deam,
830 2726 865 2789 dt
887 2733 952 2806 ipse
970 2731 1123 2807 Vergilius
1145 2730 1201 2789 hoc
1224 2731 1289 2790 loco

346 2953 523 3020 trajicerent
541 2954 583 3006 ed.
653 2954 861 3024 &iacentesque
879 2961 997 3023 aequata
1015 2953 1045 3007 L.
1111 2958 1221 3023 9posse
1239 2971 1290 3023 pro

268 3030 333 3094 post
351 3024 381 3077 L.
437 3030 525 3077 9-10
543 3026 594 3079 bea
612 3026 691 3095 repat
707 3024 799 3091 saith
820 3041 883 3077 cum
901 3024 1014 3093 punctis
1028 3024 1065 3079 lt:
1085 3024 1115 3077 in
1132 3026 1198 3093 suit,
1215 3026 1291 3094 quod

273 3095 351 3163 apud
366 3094 449 3165 Verg.
463 3112 520 3149 non
539 3098 624 3162 extat,
639 3102 665 3149 et
682 3102 769 3151 cetera
782 3112 834 3164 per
848 3096 1037 3164 conpendium
1052 3096 1188 3165 scriptum
1202 3096 1291 3151 latere

272 3170 356 3236 pulc,
385 3167 460 3236 quod
485 3167 519 3220 de
543 3184 592 3221 suo
615 3167 743 3221 added.
849 3173 881 3220 11
905 3168 952 3222 sed
966 3199 1000 3207 -
1014 3168 1096 3233 foeda
1120 3183 1173 3222 om.
1193 3168 1235 3222 cd.

274 3243 380 3292 14-15
399 3245 471 3293 etam
489 3244 591 3293 textum
610 3238 663 3291 LR
677 3246 702 3292 et
715 3245 870 3292 contextam
888 3256 902 3291 r
920 3245 946 3291 et
963 3256 1024 3293 eam
1043 3245 1061 3292 t.
1076 3238 1118 3291 ed.
1134 3246 1159 3293 et
1172 3246 1258 3293 totam
1271 3246 1289 3293 t.

272 3326 332 3363 nos.
427 3316 460 3363 15
483 3310 631 3365 abaciacum
653 3309 697 3363 ed.
728 3309 732 3381 Ι
766 3316 886 3363 attentas
903 3310 956 3362 th
974 3309 1018 3363 ed.
1037 3311 1149 3364 atteritis
1166 3327 1230 3376 nos,
1255 3309 1290 3364 cf.

273 3387 299 3447 3,
310 3385 370 3433 205.
437 3386 469 3433 16
489 3382 559 3447 facit
575 3380 628 3434 th
646 3380 689 3434 ed.
709 3381 791 3448 fecit?
807 3382 811 3449 Ι
828 3380 901 3449 arcad
919 3398 970 3449 pro
990 3398 1043 3448 qao
1061 3381 1121 3434 La.
1181 3386 1214 3434 18
1233 3399 1290 3435 am-

273 3454 352 3507 balat
370 3452 402 3517 aa
420 3451 473 3505 LR
490 3470 516 3506 a.
536 3459 560 3507 et
576 3453 608 3519 fir
626 3452 669 3506 ed.
690 3452 857 3506 ambulando
875 3452 907 3519 fit
925 3469 939 3504 r
961 3452 1056 3505 nescio
1076 3469 1113 3505 an
1130 3454 1215 3505 recte.
1238 3454 1243 3521 Ι
1267 3459 1293 3506 et

272 3522 401 3578 viramL
420 3530 445 3577 et
463 3524 526 3577 cira
540 3524 565 3576 R
583 3529 608 3577 et
624 3524 695 3577 cirea
713 3540 728 3575 r
745 3524 816 3578 cirea
834 3523 907 3577 euim
925 3523 968 3577 ed.
983 3528 1009 3576 et
1025 3525 1152 3577 ciricum
1170 3539 1221 3576 noe
1241 3524 1292 3593 (sic

271 3596 364 3649 virtus
387 3594 422 3648 de
441 3594 527 3647 Furia
543 3600 570 3662 ’7,
585 3600 655 3665 335).
766 3599 799 3647 19
822 3593 1042 3660 contrectabit
1064 3610 1131 3647 aum
1152 3610 1174 3647 c.
1194 3594 1237 3648 ed,

272 3673 308 3720 20
329 3665 453 3734 primam
476 3666 541 3731 La,
569 3665 617 3719 sed
645 3663 720 3718 intra
744 3668 837 3734 primo
858 3666 892 3718 nt
911 3665 995 3735 Vorg.
1015 3664 1090 3719 libri.
1125 3667 1129 3733 Ι
1163 3681 1218 3719 esse
1239 3680 1292 3789 Ero

270 3754 328 3793 sese
347 3737 415 3861 ladF
471 3743 503 3789 22
525 3744 550 3791 et
567 3738 633 3790 ante
651 3736 766 3791 aornim
789 3750 843 3790 om.
863 3736 911 3791 ed.⁴
998 3741 1032 3789 24
1055 3736 1222 3805 corporalem
1266 3736 1293 3789 a

271 3817 298 3866 et
316 3825 338 3863 c·
359 3824 373 3862 θ
419 3851 424 3861 ·
847 3830 849 3833 ⁴
1248 3833 1291 3861 ''..·
1314 3853 1316 3859 .
