3250 4350
345 431 409 494 100
623 430 764 484 DONATI
781 429 951 485 INTERPR.
969 429 1078 483 VERG.

343 601 431 659 tutem
457 617 488 659 se
515 601 592 658 laeto
613 601 725 671 ferebat
741 619 798 672 per
819 601 943 658 medios:
973 601 1053 656 inter
1075 598 1171 658 omnis
1193 600 1275 658 viros
1299 617 1362 656 am·

343 688 470 747 bulabat
489 691 529 762 et,
546 708 583 746 ne
602 689 717 746 alienus
736 707 755 746 a
773 706 845 747 sexu
863 707 898 746 ac
916 707 971 764 per
988 687 1044 746 hoc
1061 687 1279 747 inverecundus
1297 689 1362 746 eius

344 780 503 854 putaretur
524 778 663 852 incessus,
687 777 803 836 addidit
825 778 1007 836 necessarias
1030 795 1135 836 causas
1157 779 1189 835 et
1205 777 1362 835 honestas:

344 870 468 934 testans,
486 867 596 942 inquit,
615 868 695 939 opert
712 869 866 939 regnisque
882 867 1002 938 futura,
1020 885 1113 924 unam
1131 884 1234 924 curam
1257 883 1363 944 gerens

347 975 423 1031 quae
437 958 599 1014 testaretur
612 955 809 1028 devotionem,
823 954 995 1029 perficiendi
1009 955 1124 1030 templi,
1139 955 1267 1013 alteram
1285 973 1363 1030 quae
1389 975 1399 1013 ⁵

346 1047 522 1120 imperantis
540 1045 716 1102 instantiam
734 1043 960 1102 demonstraret
990 1044 1063 1102 talis
1081 1047 1147 1102 erat
1164 1043 1244 1102 Dido
1263 1043 1363 1118 qualis

347 1137 393 1193 est
415 1135 514 1193 Diana
538 1151 605 1191 cum
627 1133 724 1192 choris
748 1135 821 1207 suis,
838 1133 932 1192 talem
949 1152 981 1192 se
999 1133 1081 1191 laeta
1099 1132 1227 1191 ferebat:
1251 1133 1365 1190 laetam

347 1224 413 1281 vult
435 1242 498 1282 esse
521 1241 558 1281 ex
580 1240 715 1280 successu
739 1217 942 1297 eorumquae
967 1221 1154 1281 diversarum
1180 1221 1365 1280 fabricarum

347 1313 425 1370 mole
452 1311 623 1389 surgebant.
668 1315 738 1387 post
765 1311 838 1369 haec
866 1311 1044 1370 describitur
1068 1313 1219 1388 ingressus
1243 1312 1308 1368 eins
1333 1312 1366 1368 in

347 1402 447 1476 ipsum
473 1400 632 1476 templum,
659 1400 691 1457 in
718 1420 778 1475 quo
806 1402 838 1459 et
864 1401 965 1459 sedere
993 1403 1024 1458 et
1050 1400 1087 1457 de
1115 1419 1239 1476 operum
1260 1399 1404 1460 laborem

295 1489 491 1547 subindicare
518 1492 724 1548 consueverat:
756 1494 818 1548 tum
839 1491 954 1561 foribus
976 1489 1075 1558 divae,
1101 1490 1200 1548 medic
1221 1489 1367 1546 testudine

348 1577 455 1651 tempti,
473 1583 575 1651 saepto
593 1581 686 1636 armis
707 1580 834 1650 solioque
856 1578 914 1637 otte
935 1579 1062 1637 subnixo
1083 1578 1197 1636 resedit.
1232 1577 1283 1636 hic
1307 1578 1368 1637 nisi

349 1667 487 1734 ordinato
519 1686 607 1726 sensu
639 1671 801 1742 quaeratur
836 1668 1018 1739 intellectis,
1056 1686 1115 1725 non
1151 1666 1264 1742 poterit
1296 1685 1366 1725 con·

348 1755 504 1833 prehendi3
527 1757 585 1815 erit
603 1757 682 1814 enim
700 1758 774 1814 satis
791 1759 940 1815 incertum
959 1756 1032 1830 quid
1049 1757 1139 1832 poeta
1161 1756 1368 1832 descripserit3

349 1847 497 1905 nescietur
520 1844 632 1921 quippo
654 1845 706 1903 ubi
729 1845 839 1904 sederit
857 1844 935 1903 Dido
959 1852 989 1904 et
1011 1845 1063 1903 ubi
1082 1845 1172 1903 armis
1191 1848 1299 1920 saepta
1318 1846 1367 1904 sit.
1382 1865 1407 1906 ro

350 1934 521 1994 ordinamus
553 1953 624 2011 ergo
656 1953 774 1992 sensum
808 1936 864 1992 sic:
901 1937 967 1992 tum
998 1933 1112 1994 foribus
1144 1933 1232 1993 divae
1260 1937 1369 2011 saepta

351 2025 441 2082 armis
457 2023 556 2081 media
574 2023 723 2082 testudine
742 2024 849 2099 templi
868 2024 1002 2098 solioque
1022 2023 1082 2081 alte
1101 2022 1229 2082 subnixa
1246 2023 1369 2082 resedit.

352 2113 498 2188 quomodo
527 2115 573 2170 est
600 2111 766 2171 officiorum
793 2113 926 2170 omnium
954 2112 1149 2187 consuetudo,
1177 2112 1370 2171 deducuntur

350 2203 463 2260 iudices
490 2221 584 2276 usque
612 2202 650 2260 ad
677 2204 755 2260 fores
783 2203 937 2262 secretarii
963 2202 1132 2277 ibidemque
1160 2201 1293 2261 officium
1324 2222 1369 2261 re-

351 2294 460 2365 manet,
475 2291 523 2348 illi
540 2309 610 2349 vero
629 2292 756 2367 ingressi
775 2292 885 2349 solium
904 2291 1068 2349 ascendunt
1082 2294 1112 2349 et
1126 2291 1237 2349 sedent.
1264 2309 1369 2350 omnes
1383 2312 1407 2351 ro

351 2382 445 2457 igitur
473 2382 525 2455 qui
551 2382 583 2436 in
615 2379 756 2454 obsequio
788 2381 919 2456 fuerant,
952 2398 1019 2438 cum
1050 2380 1223 2455 procederet
1254 2383 1370 2458 regina,

352 2472 386 2526 ut
409 2472 495 2527 erant
518 2470 628 2527 armati
651 2471 720 2526 ante
743 2470 823 2526 fores
845 2472 1060 2542 remansemmt,
1083 2469 1137 2528 iila
1159 2471 1296 2547 ingressa
1325 2472 1370 2528 est

314 2594 317 2605 ι
352 2562 391 2631 et,
414 2558 467 2616 ubi
489 2556 527 2616 ad
551 2556 680 2615 mediam
702 2558 883 2615 testudinem
905 2558 1012 2633 templi
1033 2559 1089 2616 hoc
1113 2560 1158 2616 est
1181 2558 1220 2616 ad
1237 2558 1370 2617 mediam

353 2666 454 2705 aream
476 2646 625 2722 peruenit⁷
649 2647 783 2705 ascendit
806 2647 914 2705 solium
938 2647 1017 2722 quod
1038 2647 1132 2722 ipsius
1156 2665 1247 2705 causa
1269 2648 1370 2705 fuerat

354 2737 541 2794 conlocatum
565 2738 594 2793 ct
617 2737 714 2811 primo
738 2737 799 2794 alte
823 2755 1001 2813 consurgens
1021 2736 1104 2794 sedit.
1142 2738 1258 2795 interea
1277 2736 1368 2795 bono·
1382 2754 1403 2795 rs

353 2846 420 2881 rum
447 2826 567 2900 reginae
595 2826 635 2882 sic
664 2828 754 2898 poeta
781 2828 919 2883 meritum
948 2825 1175 2896 demonstravit3
1213 2827 1262 2883 cui
1292 2828 1369 2883 onim

354 2918 400 2971 tot
423 2914 481 2970 viri
504 2913 744 2987 obsequebantur
767 2914 873 2972 habuit
895 2914 1000 2987 procul
1020 2913 1108 2971 dubio
1128 2916 1222 2972 animi
1242 2915 1367 2972 virtutes

354 3004 502 3078 egregiae,
531 3022 606 3076 quae
634 3002 910 3061 demonstrarentur
932 3004 964 3060 in
987 3004 1112 3075 femina,
1140 3021 1214 3077 quas
1239 3004 1369 3062 colerent

354 3093 432 3149 tanti
464 3092 521 3149 viri
554 3095 584 3149 et
616 3092 722 3166 quibus
756 3095 947 3166 conpetenter
978 3091 1159 3149 oboedirent.
1211 3110 1277 3150 ecoe
1310 3093 1369 3151 iam

426 3244 627 3298 ‘icerecundus
646 3244 688 3296 ed.
709 3259 777 3296 corr.
793 3243 836 3294 cd.
851 3245 924 3310 post.
980 3244 1104 3310 degeris
1123 3243 1154 3294 R.
1212 3244 1370 3309 bfocieredi

355 3316 483 3383 ternplum
497 3316 539 3368 cd.
596 3315 770 3382 depereatis
784 3313 828 3366 cd.
884 3319 952 3366 6-7
968 3315 1058 3382 quotis
1071 3321 1131 3367 erat
1148 3315 1191 3366 ed.
1243 3321 1370 3369 Seorum

355 3388 376 3437 h
396 3388 438 3439 ed.
458 3405 492 3440 ec
509 3404 601 3440 eorum
619 3386 644 3437 s
662 3386 889 3451 aedificiorum!
913 3403 981 3453 quoe
1000 3385 1051 3437 LR
1070 3387 1118 3453 qui
1136 3385 1179 3438 ed.
1255 3391 1271 3439 9
1291 3388 1370 3440 moles

355 3461 490 3527 urgebunt
508 3458 559 3509 LR
574 3458 616 3510 ed.
632 3458 700 3510 mole
718 3457 867 3526 surgebant
883 3475 898 3509 r
917 3457 951 3509 cf.
972 3462 1032 3510 522.
1089 3461 1122 3509 13
1141 3457 1272 3511 ordinato
1291 3475 1370 3511 sensu

355 3530 407 3581 LR
426 3532 476 3583 -tc'o
494 3546 589 3583 seusus
608 3529 650 3581 ed.
739 3533 772 3579 16
791 3528 948 3581 ordinemus
966 3529 1009 3580 ed.
1098 3532 1130 3579 18
1150 3528 1307 3593 officiorum
1321 3529 1371 3581 La

356 3602 522 3655 iudiciorum
536 3599 579 3652 ed.
614 3602 618 3667 1
652 3601 793 3653 decoctor
812 3599 855 3651 ed.
951 3604 984 3651 20
1003 3600 1149 3653 esceodrmt
1167 3599 1229 3651 LII
1242 3617 1318 3654 man.

344 3676 382 3720 22
400 3678 435 3722 ut
449 3679 534 3726 erant
551 3671 577 3724 s
595 3676 647 3726 cut
664 3676 745 3727 ercet
762 3670 785 3722 L
808 3687 862 3724 om.
877 3670 921 3723 ed.
941 3687 1022 3736 „cum
1040 3669 1194 3723 inermibus
1218 3671 1268 3739 qui
1292 3671 1372 3725 illam

328 3740 555 3804 secretarum
572 3747 644 3814 post
662 3747 738 3819 ingr.
759 3751 801 3801 est
818 3741 953 3813 interpoi.
971 3742 1016 3795 cd.
1115 3746 1151 3793 ‘ab
1167 3741 1199 3793 id
1216 3748 1256 3796 est
1274 3744 1318 3797 ed.

315 3811 355 3855 25
374 3812 525 3872 tonorum
547 3818 592 3873 ed.
676 3826 714 3875 29
735 3819 815 3876 tanti
831 3819 858 3873 L
877 3817 954 3872 tcutt
971 3815 1028 3869 otri
1040 3812 1073 3863 Y»
1088 3828 1144 3864 om.
1156 3810 1201 3861 ed.
