3250 4350
656 402 839 456 AENEIDOS
858 403 884 457 V
1218 402 1283 465 447

269 566 421 645 spatioque
439 573 516 631 subit
533 571 682 646 Serpestus
699 573 809 643 tuique,
828 571 933 644 iufebu
954 572 1036 630 suuis
1057 573 1091 629 iu
1108 574 1291 644 procurrere·v

269 661 346 719 tibus
369 663 476 720 haesit:
498 661 569 719 dum
587 661 666 718 inter
685 679 789 720 saxum
808 662 838 719 et
855 679 964 719 navem
983 659 1138 739 Sergestus
1156 661 1285 718 transire
1386 715 1388 718 .

268 749 434 825 contendit,
466 770 526 809 non
557 749 635 808 vidit
667 768 738 808 saxa
770 752 977 826 procurrentia
1010 752 1039 808 et
1070 749 1117 807 his
1146 748 1284 808 inhaesit.
1364 777 1368 786 ·

267 839 475 914 procurrentia
507 857 579 898 saxa
612 842 682 897 sunt
714 857 791 914 quae
825 839 955 897 latenter
986 856 1004 895 a
1035 837 1186 897 radicibus
1214 839 1286 897 emi-

235 929 367 989 snentis
395 930 460 987 saxi
487 928 518 986 in
546 947 628 986 mare
655 927 826 986 tenduntur.
872 927 946 987 haec
972 927 1024 986 ille
1052 929 1156 1002 utpote
1184 927 1285 986 furens

266 1017 369 1075 videre
396 1037 456 1076 non
482 1018 584 1093 potuit
611 1019 655 1091 et,
681 1019 716 1074 ut
743 1015 858 1075 dictum
885 1020 941 1092 est,
970 1016 1074 1075 haesit.
1121 1022 1338 1075 coucussue205

267 1110 393 1165 cuutesr
411 1108 514 1164 tantus
542 1107 628 1164 navis
656 1106 786 1181 impetus
813 1106 943 1165 incautis
966 1104 1128 1183 remigibus
1151 1105 1223 1178 fuit,
1251 1108 1286 1163 ut

267 1213 423 1271 percussae
453 1197 554 1253 cautes
582 1195 813 1254 intremuisscnt.
861 1199 992 1254 etueuto
1015 1197 1048 1254 iu
1075 1197 1186 1254 murice
1212 1197 1286 1254 remi

269 1285 368 1342 obuiui
395 1302 543 1357 crepuere:
576 1302 643 1342 oum
670 1283 772 1342 obnixi
798 1285 888 1344 remis
916 1284 1098 1344 luctantibus
1120 1283 1285 1359 tenderent,

222 1393 254 1434 ro
270 1373 392 1448 inpulsa
418 1374 490 1431 navi
517 1372 684 1447 meritoque
711 1392 771 1431 non
800 1371 971 1432 cedentibus
1000 1374 1079 1432 saxis
1107 1376 1286 1448 crepuerunt

268 1463 352 1520 remi.
397 1463 543 1534 inlisaque
573 1478 670 1534 prore
700 1462 853 1535 pependit:
889 1481 991 1536 prora,
1023 1463 1079 1521 hoc
1111 1465 1157 1521 est
1187 1463 1286 1537 prima

267 1568 338 1626 pars
361 1552 457 1624 navis,
480 1569 584 1609 saxum
608 1550 778 1608 conscendit
801 1553 899 1609 cetera
922 1555 1008 1625 parte
1032 1569 1183 1627 suspensa.
1221 1568 1286 1609 cou-

267 1644 395 1712 surpuut
412 1634 523 1698 reuutuev
545 1643 571 1697 et
592 1657 698 1715 mupuo
717 1640 843 1699 eturuore
860 1644 1029 1697 morentur:
1052 1639 1121 1697 dum
1145 1641 1285 1714 clamant,

266 1730 404 1787 fecerunt
417 1747 515 1788 moras
534 1728 605 1787 navi
623 1726 803 1787 liberandae.
835 1729 1019 1800 ferratusque
1038 1729 1136 1787 trudes
1155 1732 1181 1787 et
1199 1733 1286 1787 ueutu

221 1839 251 1880 rs
268 1819 388 1890 cuspide
411 1819 506 1876 eunus
526 1819 681 1889 expediunt
697 1819 863 1890 fructusque
882 1817 979 1889 lepunt
995 1818 1028 1874 iu
1043 1819 1157 1889 purpite
1175 1834 1285 1875 remos:

267 1925 329 1965 non
347 1906 426 1964 idem
444 1907 545 1966 omnia
564 1906 728 1965 faciebant:
751 1924 881 1980 namque
900 1905 954 1963 alii
973 1904 1169 1978 expediebant
1182 1908 1285 1964 contos
1330 1908 1333 1917 '

266 1995 440 2053 liberationi
467 1997 553 2054 navis
581 1996 762 2054 necessarios
785 1998 816 2054 et
837 1994 939 2053 trudes
962 1993 1018 2052 hoc
1042 1997 1087 2052 est
1110 1993 1217 2069 quibus
1240 1994 1285 2052 in-

266 2068 393 2142 haerens
422 2101 491 2142 saxo
521 2084 637 2143 excludi
659 2085 815 2161 navigium
839 2087 868 2142 et
890 2087 1054 2143 retrorsum
1076 2084 1211 2141 revocari
1233 2102 1285 2158 po-

267 2175 389 2248 tuisset,
417 2174 471 2231 alii
494 2172 632 2251 legebant
655 2193 804 2234 remorum
827 2175 1005 2252 fragmenta.
1051 2172 1141 2232 verbo
1165 2172 1285 2231 nautico

221 2285 252 2325 no
268 2265 304 2320 ut
327 2263 464 2337 plurimis
488 2262 560 2322 locis
580 2282 650 2323 usus
670 2266 728 2321 est:
751 2282 822 2321 nam
840 2263 939 2340 legere
958 2263 1061 2321 dicunt
1079 2264 1219 2339 colligere
1238 2264 1285 2321 vel

268 2352 373 2426 aliqua
400 2352 466 2411 loca
494 2352 665 2430 navigando
688 2354 825 2426 transire,
848 2356 882 2411 ut
906 2345 950 2433 (3,
970 2344 1049 2433 532)
1073 2352 1159 2426 „vela
1181 2352 1286 2427 legunt

268 2439 370 2514 socii“,
388 2442 461 2500 item
480 2433 525 2523 (3,
541 2434 620 2521 292)
640 2442 806 2516 „litoraque
825 2441 912 2516 Epiri
932 2438 1086 2518 legimus“.
1130 2446 1161 2499 ut
1183 2442 1338 2498 tuetus‘zlu

267 2531 439 2588 Muesdreus
465 2548 653 2603 successuque
681 2532 777 2589 uerior
804 2532 882 2602 ipsc:
913 2531 1010 2589 laetus
1033 2528 1092 2588 fuit
1114 2529 1284 2587 Mnestheus

268 2618 351 2693 quod
378 2621 482 2693 optata
507 2620 652 2678 tenuisset
680 2621 710 2677 et
736 2618 806 2677 inde
834 2620 944 2695 magis,
973 2620 1045 2694 quia
1072 2619 1205 2677 senserat
1228 2617 1285 2676 sibi

221 2730 251 2771 25
267 2708 380 2766 favisse
404 2708 563 2766 fortunam.
596 2726 746 2767 successus
771 2709 872 2766 autem
894 2709 958 2782 ipse
981 2727 1042 2766 non
1064 2707 1204 2766 veniebat
1225 2706 1285 2764 nisi

268 2815 304 2853 ex
328 2796 414 2854 malis
439 2797 553 2854 alienis.
592 2799 708 2871 upmiue
729 2813 878 2855 remorum
900 2797 985 2855 celeri
1007 2798 1153 2868 scutisque
1176 2799 1285 2854 uocalis

260 2902 364 2958 prorae
381 2887 456 2957 pet't
477 2886 574 2943 mauu
598 2890 624 2945 et
640 2886 746 2959 pelope
770 2885 900 2943 decurrit
922 2889 1035 2958 aperto:
1061 2903 1157 2960 prona
1179 2885 1284 2957 maria,

266 2975 377 3047 inquit,
401 2976 487 3047 quasi
510 2992 569 3032 non
592 2976 660 3049 ipsa
682 2977 779 3033 essent
802 2992 857 3049 per
879 2992 957 3050 quae
981 2977 1010 3032 et
1031 2973 1213 3032 transierant
1232 2977 1285 3032 aut

266 3062 365 3137 possit
391 3060 456 3119 fieri
482 3065 517 3120 ut
544 3064 605 3121 sint
631 3064 726 3121 maria
754 3062 874 3121 devexa.
920 3082 980 3122 non
1007 3063 1063 3122 hoo
1095 3064 1200 3138 sensit,
1233 3062 1285 3122 sed

220 3176 250 3216 so
266 3150 448 3210 facilitatem
471 3150 583 3209 reditus
606 3151 702 3211 voluit
720 3152 931 3211 demonstrare.
968 3170 1096 3226 pronum
1115 3154 1195 3210 enim
1214 3151 1285 3210 dici-

265 3258 334 3298 mus
359 3239 501 3314 quicquid
525 3240 733 3299 difficultatem
755 3259 815 3299 non
838 3240 929 3300 habet
948 3244 978 3298 et
997 3240 1122 3299 arduum
1142 3240 1285 3316 quicquid

266 3328 390 3387 difficile
404 3332 569 3405 superatur.
603 3330 698 3402 euciis
716 3330 856 3403 speluueu
873 3330 967 3389 subito
986 3334 1126 3389 commotu
1143 3331 1285 3397 columbe,

265 3420 316 3476 cui
344 3418 447 3476 doruus
475 3422 501 3476 et
527 3419 624 3477 dulces
651 3419 791 3478 latebroso
818 3420 852 3477 iu
874 3420 990 3491 pumice
1016 3420 1094 3486 uidi,
1121 3421 1217 3492 fertur
1243 3420 1338 3477 iualo

341 3574 358 3622 8
377 3570 580 3623 intremuissem
597 3567 651 3621 th
668 3570 876 3625 intercepissent
894 3569 920 3624 U
939 3570 982 3624 ed.
1070 3573 1104 3621 14
1122 3570 1216 3623 trudes
1233 3568 1286 3621 La

263 3643 349 3697 sudes
367 3639 392 3693 U
412 3640 454 3693 ed.
474 3639 553 3706 (item
570 3639 663 3710 infra).
725 3646 757 3693 18
776 3642 885 3695 includi
903 3640 955 3693 th
974 3641 1017 3695 ed.
1037 3641 1146 3695 meludi
1163 3657 1214 3694 nor
1234 3640 1285 3708 (sic

264 3715 298 3768 iu
321 3728 373 3781 pro
397 3717 501 3767 eoe179
524 3716 553 3766 et
575 3711 685 3766 weludi
706 3728 758 3780 pro
777 3713 898 3767 amoueri
915 3714 950 3781 2).
1065 3717 1098 3764 ‘28
1117 3719 1215 3780 quaet
1233 3710 1286 3765 LR

264 3801 338 3855 quae
357 3783 417 3837 eine
436 3790 461 3838 et
479 3783 522 3838 ed.
595 3788 629 3837 30
647 3784 772 3838 redditus
790 3782 850 3837 LR.
924 3789 958 3837 32
977 3784 1128 3850 difficulter
1146 3782 1189 3838 ed.
