3250 4350
655 423 837 478 AENEIDOS
856 423 881 477 V
1216 424 1280 487 441

267 593 432 650 constituit.
478 593 556 651 uude
578 595 683 652 reuerti
705 595 811 652 scireut
834 595 861 651 et
878 594 976 665 lcupos
994 593 1045 650 utr’
1063 595 1283 665 circumflectere

267 698 387 750 cursus;
408 681 456 738 illi
480 682 594 740 scilicet
617 683 669 756 qni
691 681 837 759 regebant
859 683 945 740 navis
969 684 999 740 et
1022 681 1160 740 ductores
1180 701 1282 741 aarum

265 770 398 844 fuerant,
430 771 464 828 ut
496 774 617 829 nossent
649 770 686 828 ab
718 771 771 829 illo
802 773 887 848 signo
916 770 974 829 sibi
988 789 1064 829 -esse
1091 771 1281 830 redeundum.

264 864 328 916 turu
351 860 413 917 locu
436 863 511 917 sorte
535 861 639 932 lepuut,
662 864 696 918 ut
718 859 784 918 fieri
807 861 963 919 consuevit
984 861 1017 917 in
1041 861 1132 934 circo;
1154 879 1214 919 non
1238 863 1283 919 est

231 968 246 1008 5
265 949 348 1005 enim
370 948 450 1006 idem
472 948 557 1006 labor
579 950 611 1005 in
636 948 761 1025 singulis
784 949 858 1009 locis
882 948 1003 1006 atinde
1027 966 1090 1007 sors
1116 949 1282 1024 adhibetur,

265 1057 302 1093 ne
332 1039 372 1095 sit
398 1038 429 1094 in
458 1037 645 1096 ordinatione
678 1038 830 1096 contentio
860 1039 927 1096 aut
944 1037 1108 1095 humanum
1139 1037 1283 1096 iudicium

264 1125 365 1202 gratia
388 1127 554 1201 cuiuspiam
576 1125 797 1185 transducatur]
842 1127 956 1200 ipsique
978 1128 1011 1184 r'u
1027 1127 1181 1202 puppibus
1208 1143 1282 1185 uuro

265 1217 397 1273 ductores
421 1216 503 1289 torpe
526 1215 663 1289 effulgent
683 1219 816 1288 ostroque
839 1215 948 1273 decori:
975 1216 1035 1291 ipsi
1057 1216 1203 1289 ductores,
1226 1216 1282 1274 hoc

265 1307 312 1362 est
335 1306 389 1378 qui
412 1304 450 1360 ad
473 1306 568 1362 vicem
591 1305 764 1380 aurigarum
787 1305 909 1362 inerant
937 1305 1081 1379 ordinati,
1108 1305 1196 1381 longe
1224 1305 1282 1362 ful-

218 1392 377 1469 regebant
404 1412 476 1451 auro
504 1395 636 1471 insignes
665 1396 695 1450 et
727 1412 861 1468 purpma
892 1395 1037 1468 pretiosa,
1070 1395 1104 1451 ut
1137 1394 1282 1468 qualitate

265 1483 392 1541 vestitus
416 1482 583 1542 evidentius
606 1486 725 1557 praeter
748 1486 862 1542 ceteros
886 1486 1072 1559 apparerent.
1119 1487 1211 1542 cetero
1228 1499 1282 1556 po-

258 1571 353 1643 pulea
375 1572 488 1629 relatur
511 1572 616 1644 froude
638 1573 771 1630 iureutus
793 1573 975 1644 nudatosque
997 1588 1113 1630 uurercs
1131 1571 1190 1630 cleo
1204 1575 1337 1644 per-135

263 1661 336 1730 fusa
358 1661 484 1718 uttescr't:
516 1662 614 1718 cetera
636 1662 789 1734 iuventus,
816 1660 848 1717 id
871 1662 917 1718 est
939 1664 1112 1735 nautarum,
1141 1664 1283 1719 coronata

264 1748 364 1806 fuerat
377 1750 514 1824 populeis
528 1749 682 1808 frondibus
702 1750 827 1823 oleoque
845 1750 974 1824 perfusa.
1008 1768 1074 1807 curn
1093 1749 1167 1808 dicit
1185 1753 1283 1808 cetera

218 1857 247 1898 15
264 1839 412 1912 iuventuS,
436 1837 567 1897 ostendit
590 1839 681 1896 etiam
700 1837 838 1897 ductores
856 1840 978 1897 iuvenes
996 1839 1095 1897 fuisse.
1131 1840 1284 1897 ecustduut

265 1929 412 1995 troustrr's,
430 1928 503 1985 locis
523 1927 636 1986 scilicet
654 1927 809 2004 remigum.
844 1929 1010 2001 r'uteutuque
1028 1928 1163 1985 marchio
1181 1929 1283 1986 remus:

264 2017 399 2074 tenentes
419 2035 515 2076 remos
538 2016 727 2075 brachiorum
749 2020 858 2091 parata
881 2018 991 2075 virtute
1014 2018 1117 2075 tuteutr'
1136 2020 1285 2089 expectaret

264 2107 382 2180 slpuuru
405 2107 620 2178 ccultuutr'oque
643 2107 743 2164 tourtt
765 2107 855 2164 cordo
867 2122 965 2180 paror
977 2105 1106 2179 pulsaue
1128 2101 1283 2179 [lauduu-

265 2212 321 2268 quc
344 2200 458 2254 urrectu
481 2193 617 2270 cupldoJ:
650 2198 679 2253 et
702 2197 821 2273 signum
845 2195 1054 2270 expectabant,
1078 2214 1136 2269 quo
1161 2198 1282 2271 accepto

218 2304 248 2343 ao
265 2286 415 2341 certamen
440 2285 681 2360 adgrederentur,
706 2287 736 2342 et
758 2285 910 2359 suspensis
934 2283 1041 2342 animis
1064 2285 1186 2341 fuerant
1204 2286 1283 2361 cogi-

265 2375 365 2430 tantes
389 2372 424 2431 de
447 2373 574 2432 victoria
598 2377 628 2431 et
651 2372 749 2447 laude,
768 2392 895 2448 quornm
918 2375 1041 2432 eventus
1064 2374 1163 2431 fuerat
1185 2375 1217 2429 in
1238 2373 1282 2430 in-

265 2464 355 2520 certo.
401 2462 477 2530 uude,
500 2462 557 2521 hoo
581 2466 626 2521 est
649 2462 764 2536 deinde,
786 2464 838 2521 ubi
860 2464 944 2522 cluru
962 2463 1041 2521 dedit
1057 2465 1186 2520 ccultum
1204 2463 1282 2529 tubo,

263 2551 376 2623 our'bus
403 2569 512 2619 oruues,
544 2554 616 2611 tout
641 2569 739 2619 rroru,
765 2553 932 2625 prosiluere
958 2553 1034 2618 suls,
1062 2552 1132 2623 ferit
1158 2551 1275 2608 uetlruu
1285 2554 1338 2603 140

265 2641 377 2699 clamor
399 2643 544 2708 uuutr'cus,
568 2642 702 2699 adductis
724 2645 864 2714 spuucut
884 2643 962 2713 fretu
984 2657 1070 2699 uersu
1093 2642 1223 2698 lacertis:
1251 2641 1283 2696 in

220 2750 249 2789 25
266 2730 373 2788 ardore
400 2730 538 2789 vincendi
566 2748 625 2787 non
652 2748 735 2788 more
765 2730 854 2788 solito
886 2728 1088 2807 remigabant,
1120 2729 1284 2803 plurimum

265 2819 328 2876 illis
362 2819 517 2877 addiderat
549 2818 728 2878 desiderium
760 2820 887 2897 gloriae,
924 2820 1037 2893 pariter
1072 2817 1284 2876 incumbebant

265 2906 356 2965 remis
381 2912 410 2966 et
433 2908 521 2967 claris
540 2907 663 2966 vocibus
681 2908 891 2983 personabant,
908 2926 1003 2982 usque
1023 2907 1095 2965 adeo
1114 2909 1150 2965 ut
1168 2907 1283 2965 caelum

265 2998 367 3069 ipsum
385 2998 500 3074 ingenti
519 2998 647 3056 clamore
666 2999 863 3071 percuterent.
904 2996 983 3071 quod
1002 2998 1046 3055 ait
1064 2996 1136 3054 ferit
1154 2996 1283 3069 aethera,

266 3086 324 3142 hoo
348 3085 414 3143 vult
436 3086 579 3163 intellegi,
599 3087 681 3145 ultra
702 3088 747 3145 ire
771 3086 914 3144 clamores
937 3087 1079 3160 potuisse,
1102 3085 1160 3143 nisi
1183 3103 1282 3143 occur·

218 3195 249 3236 so
265 3175 347 3233 reret
370 3174 493 3232 caelum.
537 3171 706 3248 [tutuduut
722 3177 839 3248 puriter
860 3172 972 3248 sulcos]
999 3178 1143 3246 totumque
1166 3174 1285 3232 dehiscit

265 3264 438 3323 conuulsum
460 3265 547 3322 reruts
573 3265 731 3336 rostrisque
758 3264 930 3322 trr'deutr'bus
958 3280 1080 3336 aequor:
1110 3263 1282 3322 translatio-

341 3456 356 3502 2
367 3451 423 3504 illis
432 3451 484 3503 LR
494 3450 612 3504 corred.
660 3455 676 3503 ὃ
687 3449 793 3504 uoclslt
803 3466 872 3503 corr.
878 3468 899 3502 r.
948 3456 962 3502 7
973 3451 1079 3520 pratr‘ue
1088 3448 1141 3500 LR
1150 3465 1219 3502 corr.
1225 3466 1246 3501 r.

266 3527 449 3589 8uustrcquc
463 3521 514 3573 LR
528 3537 597 3575 corr.
607 3539 629 3575 r.
682 3526 715 3574 10
734 3520 849 3575 uutLR
867 3528 899 3575 ut
916 3521 987 3575 red.
1040 3526 1073 3573 16
1092 3522 1203 3574 trustris
1216 3519 1246 3571 L.

266 3598 302 3646 18
318 3592 525 3659 laudumque-
538 3597 570 3644 19
586 3593 686 3659 cupido
701 3592 782 3646 deest
794 3592 825 3644 in
835 3592 895 3659 LR,
910 3593 960 3646 sed
974 3591 1139 3660 explicatur.
1191 3597 1223 3643 21
1240 3592 1283 3644 iu·

264 3669 339 3720 certo
353 3662 405 3715 LR,
418 3663 449 3715 r'u
463 3664 481 3715 r'.
492 3679 543 3715 nos
557 3664 676 3717 lacertus
691 3663 734 3716 ed.
794 3668 829 3716 28
847 3665 956 3718 aethera
971 3663 1023 3716 th
1037 3681 1077 3718 ae.
1087 3663 1189 3716 clamor
1203 3662 1246 3715 ed.

265 3733 1018 3803 30lurtuduut-sulccsdeestinLR,sedexplicatur.
1063 3740 1096 3787 31
1106 3734 1284 3788 irrideatur-r

264 3808 366 3862 contra
379 3807 499 3859 metrum
510 3804 561 3857 LR
571 3805 613 3859 ed.
624 3805 740 3872 correxi,
750 3806 818 3873 quia
831 3806 1065 3875 interpretatione
1078 3822 1134 3858 non
1147 3806 1265 3860 firmam
