3250 4350
705 428 889 482 AENEIDOS
908 429 933 482 V
1268 427 1336 492 443

311 600 456 671 priorem:
488 597 618 672 priorem
642 599 740 656 locum
766 600 867 655 tenere
896 597 1082 670 nitebantur,
1110 597 1162 655 sed
1188 599 1267 655 iuter
1294 615 1334 655 sa.

315 706 400 763 ergo·
415 688 545 761 priorem
571 688 670 746 locum
692 688 772 744 inter
794 686 869 744 duos
892 687 1071 761 posteriores
1095 685 1234 745 debemus
1258 687 1334 744 acci·

316 794 394 850 pere,
413 775 555 850 quoniam
578 775 753 850 inpossibile
776 774 935 833 videbatur
957 778 991 832 ut
1013 769 1121 833 tertius
1139 776 1188 832 vel
1207 778 1334 850 quartus

316 865 484 922 excluderet
511 864 655 939 primum,
683 884 771 939 quem
798 863 946 922 secundus
972 865 1101 922 transire
1124 882 1183 923 uon
1206 867 1333 939 poterat.

287 952 432 1012 ainterea
449 972 519 1011 casu
539 954 650 1011 factum
676 956 720 1012 est
743 955 777 1011 ut
799 952 972 1025 Cloanthus„
991 952 1206 1028 quisecundus
1225 953 1334 1027 fuerat,

315 1042 400 1100 fieret
426 1042 540 1117 primus
568 1043 624 1101 hoe
652 1042 753 1101 modo:
786 1061 858 1100 nam
882 1039 976 1117 Gyas,
1005 1042 1058 1116 qui
1080 1043 1179 1116 prima
1201 1042 1268 1099 loca
1291 1045 1334 1100 te-

314 1134 435 1205 nuerat,
458 1131 604 1190 Menoetis
627 1132 770 1206 inperitia
793 1131 933 1206 deeeptus
957 1133 1010 1189 est.
1057 1148 1124 1188 cum
1153 1131 1231 1188 enirn
1254 1129 1334 1188 idem

317 1218 397 1295 Gyas
416 1219 512 1278 eidem
530 1220 660 1279 Menoeti
679 1220 803 1278 dixisset
826 1238 882 1292 qno
905 1224 1019 1278 tuntnen
1041 1220 1114 1277 mihi
1132 1221 1230 1278 denter
1248 1220 1334 1277 nbis?

315 1310 372 1366 dne
394 1310 487 1383 diripe
510 1327 638 1376 carena,
659 1311 727 1367 ditns
750 1327 829 1377 aeno,
852 1309 909 1368 hoc
932 1312 977 1367 est
999 1308 1089 1366 finem
1112 1310 1185 1380 saxi,
1205 1312 1231 1367 et
1249 1309 1334 1366 laena

272 1419 301 1458 ro
316 1399 442 1472 strinpet
463 1401 527 1456 sine
543 1398 682 1470 putmnlu
705 1403 810 1465 centes,
836 1399 927 1456 nltnsn
951 1399 1004 1455 elii
1028 1401 1155 1464 teneant,
1179 1397 1231 1455 ille
1253 1415 1324 1456 vero
1335 1404 1387 1452 164

315 1489 451 1545 metuens
470 1505 541 1546 saxa
559 1487 687 1545 latentia
705 1506 810 1546 navem
830 1486 862 1544 iu
882 1487 977 1545 altum
995 1487 1141 1562 torsisset,
1161 1484 1334 1559 Cloanthus,

316 1577 370 1651 qui
396 1573 479 1651 Gyae
510 1576 661 1651 proximus
693 1577 767 1650 fuit,
800 1578 920 1650 arrepta
953 1576 1044 1650 spatii
1076 1575 1230 1635 occasione
1261 1576 1335 1633 fecit

316 1664 397 1740 quod
419 1665 570 1724 Menoetes
597 1665 713 1723 timuit:
745 1684 816 1723 nam
838 1664 918 1722 inter
940 1682 1045 1722 saxum
1068 1667 1098 1722 et
1121 1683 1229 1722 navem
1251 1662 1333 1739 Gyae

315 1757 419 1813 tenens
442 1754 529 1813 laeva
552 1750 610 1812 iter
632 1755 716 1828 rasit,
739 1753 795 1812 hoe
817 1756 863 1811 est
880 1744 991 1811 temere
1010 1754 1095 1811 iuxta
1113 1772 1185 1812 saxa
1203 1755 1334 1812 transitu

274 1864 302 1904 rs
317 1843 416 1903 subito
444 1844 601 1919 praeteriit
628 1862 696 1901 eum
725 1842 776 1917 qui
802 1842 895 1917 primi
921 1842 980 1900 loci
1007 1842 1193 1918 gloriabatur
1216 1845 1334 1916 eventu,

317 1937 344 1990 et
369 1935 452 1991 metis
479 1936 553 1991 tenet
580 1949 709 2004 aequore
736 1935 799 1990 tntu
830 1933 952 1989 relictis:
986 1930 1054 1989 ideo
1087 1949 1218 2005 aequora
1249 1934 1324 2006 tuta,
1336 1939 1387 1986 171

315 2022 389 2095 quia
417 2021 448 2078 in
475 2023 562 2080 metis
591 2023 654 2080 saxi
681 2021 850 2096 periculum
876 2021 949 2092 fuit,
976 2019 1056 2094 quod
1083 2022 1227 2078 evaserat.
1272 2024 1334 2078 tnns

315 2127 384 2168 cero
404 2113 513 2168 exarsit
530 2113 628 2168 inueni
647 2111 729 2168 dolor
747 2106 861 2168 candus
878 2112 980 2182 inpens
997 2126 1050 2166 nec
1066 2108 1198 2166 lacrimis
1215 2126 1334 2166 eernere
1379 2140 1385 2145 -

314 2218 414 2273 penne.
461 2219 528 2258 cum
555 2201 692 2259 fortunae
722 2199 864 2276 suffragio
892 2198 1034 2273 adeptum
1061 2200 1160 2257 locum
1187 2197 1261 2257 vitio
1289 2200 1334 2255 in-

271 2309 302 2349 eo
317 2289 409 2364 periti
436 2290 564 2347 hominis
592 2289 783 2363 perdidisset,
810 2291 876 2348 tum
903 2306 974 2346 vero
998 2289 1122 2360 exarsit,
1150 2290 1214 2345 turn
1237 2288 1334 2364 magis

316 2378 437 2452 exarsit,
458 2380 491 2435 in
514 2381 633 2435 tantum
656 2381 690 2435 ut
714 2378 798 2437 dolor
821 2377 908 2434 illum
925 2375 1112 2451 perduxisset
1130 2376 1169 2434 ad
1187 2376 1333 2433 lacrimas.

316 2484 486 2539 sepneanne
503 2468 657 2525 Menoeten
676 2467 780 2524 oblitns
799 2467 965 2537 decorisque
982 2468 1030 2523 sni
1048 2468 1212 2536 soeinnqne
1230 2465 1334 2523 scintis

315 2558 350 2612 in
372 2569 456 2613 neure
472 2557 663 2628 praecipitem
681 2557 778 2628 puppi
802 2555 936 2613 deturbet
958 2556 995 2613 ab
1018 2555 1094 2612 atta:
1125 2573 1195 2626 non,
1217 2552 1326 2627 inquit,
1337 2558 1389 2608 175

316 2644 423 2702 habuit
451 2648 520 2702 ante
548 2645 648 2703 oculos
677 2662 744 2702 suos
772 2644 931 2701 honestum
959 2646 1013 2701 aut
1039 2643 1127 2715 utile,
1157 2661 1224 2700 cum
1248 2659 1334 2701 omne

271 2752 301 2793 ss
317 2734 475 2791 eonsilium
498 2734 583 2793 dolor
605 2735 670 2808 ipse
692 2732 852 2806 turbasset,
870 2731 921 2789 sed
945 2730 1056 2789 oblitus
1079 2731 1244 2789 honestatis
1264 2750 1334 2790 suae

318 2825 350 2880 et
370 2823 479 2880 salutis
503 2824 650 2881 sociorum
668 2825 823 2895 rectorem,
843 2822 895 2896 qui
914 2819 1064 2878 dedecoris
1084 2820 1203 2896 eulpam
1221 2820 1334 2895 primus

317 2911 500 2988 neglegendo
528 2914 731 2984 contraxerat,
758 2911 955 2986 praecipitem
978 2909 1060 2967 dedit
1082 2910 1114 2967 in
1137 2928 1228 2967 mare.
1273 2909 1335 2981 ipse

314 3001 491 3073 pudcrnnclo
518 3004 610 3059 rector
637 3002 727 3069 subit,
751 3001 815 3072 ipse
836 2999 987 3072 mopister:
1019 2999 1050 3055 in
1073 2997 1204 3057 officium
1227 2997 1335 3057 deiecti

316 3092 381 3166 ipse
406 3088 561 3147 succedens
585 3089 665 3147 idem
687 3091 786 3148 rector
809 3090 839 3147 et
862 3086 1005 3165 magister
1027 3087 1147 3145 effeetus
1172 3090 1224 3145 est.
1270 3088 1335 3144 hor-

270 3199 302 3239 :n
315 3183 462 3251 tntnrqne.
480 3180 560 3236 ciros
587 3179 757 3251 clavemque
785 3178 826 3235 ud
853 3178 940 3236 litora
962 3179 1086 3247 torquet:
1117 3177 1205 3235 torsit
1228 3195 1336 3234 navem

391 3389 406 3434 3
426 3384 589 3436 uidebuntur
607 3382 660 3435 LIt
679 3398 747 3436 corr.
762 3400 783 3435 r.
845 3385 860 3433 9
881 3382 972 3435 laevas
990 3380 1033 3433 ed.
1093 3385 1125 3432 10
1144 3386 1254 3433 teneant
1271 3377 1336 3431 finis

317 3454 460 3509 lemmatis
479 3454 509 3506 in
524 3453 576 3505 La
594 3453 668 3508 discit
678 3453 854 3523 —praeterit
871 3469 895 3505 v.
907 3456 957 3504 1⁷1
978 3451 1042 3504 add.
1058 3451 1110 3516 ed,
1130 3451 1179 3504 sed
1198 3449 1271 3502 nihil
1289 3465 1336 3503 ex-

314 3526 422 3581 cidisse
450 3526 608 3579 structurae
639 3528 720 3579 tenor
748 3525 832 3579 docet
858 3540 919 3577 enne
933 3554 967 3561 —
982 3522 1096 3577 dixisset
1110 3553 1143 3561 —
1158 3523 1204 3575 ille
1227 3537 1288 3575 nero
1302 3551 1335 3559 —

315 3598 445 3659 torsisset,
470 3612 554 3663 quarn
573 3613 634 3650 enne
652 3598 718 3665 post
736 3596 852 3651 latentia
870 3593 1037 3662 interposito
1058 3596 1127 3646 mut.
1147 3593 1203 3646 ed:
1232 3592 1336 3645 lemma

315 3687 382 3723 oum
401 3668 517 3736 interpr.
537 3667 607 3720 Don.
627 3666 779 3722 contexuit.
844 3671 876 3718 12
894 3666 1001 3731 fecisset
1019 3665 1071 3717 LR
1088 3665 1153 3731 feeit
1171 3679 1240 3717 corr.
1256 3663 1299 3717 ed.

318 3747 353 3795 14
372 3740 508 3793 transitus
520 3738 573 3791 LR
591 3741 729 3793 transiens
746 3738 788 3791 ed.
847 3742 881 3789 20
900 3754 962 3791 cnm
975 3737 1063 3807 enanis
1076 3735 1129 3788 LR
1143 3742 1201 3789 tnm
1215 3753 1249 3789 ssi.
1263 3752 1278 3787 r
1291 3734 1336 3788 ed.

373 3816 407 3865 28
425 3810 640 3881 quaternarioque
658 3810 684 3863 R
702 3827 752 3879 qne
772 3808 826 3862 del.
840 3826 862 3861 r.
