3250 4350
662 440 846 502 Aruernos
864 446 891 500 11
1221 448 1286 513 245

263 631 349 672 meos
378 614 480 672 stravi.
527 613 630 674 debuit
656 615 736 674 enim
764 633 831 673 oum
860 616 1013 675 commodo
1046 634 1100 676 sno
1133 617 1217 692 ferri,
1248 631 1286 675 ne

264 704 422 779 ingratum
445 702 530 762 fieret
553 704 633 779 quod
655 705 744 780 pleno
766 704 946 778 reddebatur
964 705 1117 781 obsequio.
1153 707 1287 766 amaede-

264 810 323 866 qae
346 794 442 850 onera·
474 794 582 866 stravi,
609 793 722 870 inquit,
750 794 829 853 oolla
851 796 882 852 et
903 812 1022 853 umeros
1044 813 1127 853 meos
1150 799 1180 853 et
1203 794 1286 854 oneri

265 882 403 949 successi.
454 880 572 941 domnae
602 900 634 941 se
659 900 775 957 paruos
806 883 895 942 Iulus
931 885 1068 957 inplicuit
1102 886 1287 958 segniterque

235 990 249 1031 s
259 975 381 1044 patrem
403 987 463 1028 non
480 972 622 1044 passibus
640 976 756 1045 aegeus:
778 971 855 1029 dixit
873 973 995 1046 laetum,
1013 973 1091 1031 dixit
1108 975 1139 1032 et
1156 991 1286 1032 oausam.

265 1059 390 1118 tenebat
416 1059 504 1134 mihi,
531 1062 644 1135 inquit,
672 1081 795 1120 manum
817 1060 897 1120 fflius
921 1080 1004 1121 meus
1027 1079 1153 1137 sequens
1175 1065 1287 1137 meet,

266 1167 336 1207 oum
360 1147 480 1207 deberet
502 1149 592 1208 lateri
613 1168 680 1208 meo
703 1151 867 1225 inhaerere,
894 1169 1011 1227 semper
1037 1152 1186 1226 posterior
1213 1151 1286 1226 suit,

265 1257 329 1297 non
348 1237 427 1296 enim
445 1238 586 1313 poterant
598 1241 694 1314 patris
708 1241 985 1318 fugientisgressus
999 1240 1129 1316 pueriles
1144 1257 1286 1314 aequare:

266 1329 298 1385 et
326 1328 358 1384 in
386 1325 443 1384 hoo
469 1327 601 1386 laborem
633 1347 718 1387 suum
750 1329 849 1388 voluit
880 1328 1097 1402 demonstrare,
1129 1332 1163 1387 ut
1194 1347 1287 1386 uuum

220 1435 250 1476 ro
265 1416 370 1489 ferret,
385 1415 513 1473 alterum
526 1416 666 1476 traheret.
700 1417 807 1476 deinde
823 1436 981 1492 personam
1000 1419 1156 1495 coniungit
1172 1417 1286 1477 uxoris:

259 1522 351 1578 pone,
371 1504 423 1578 ait,
440 1506 520 1564 subit
536 1509 672 1565 contorta.
708 1526 784 1565 uxor
806 1506 987 1582 sequebatur
1010 1508 1115 1566 omnis.
1151 1508 1339 1579 serimortae

259 1594 325 1667 per'
352 1611 446 1667 opaea
477 1595 618 1664 locorwm,
649 1613 703 1670 per
734 1596 801 1654 loca
833 1596 947 1654 seilicet
977 1595 1102 1656 dirersis
1131 1594 1288 1655 arboribus

266 1686 423 1758 occupata.
469 1688 496 1742 et
516 1701 574 1752 me,
599 1702 683 1757 quern
704 1685 818 1743 dodmn
839 1701 899 1743 noo
921 1685 985 1744 utta
1007 1687 1115 1744 intecto
1136 1687 1290 1745 movebant

265 1773 326 1830 teto
348 1789 440 1845 oeque
462 1773 580 1831 adversi
599 1773 752 1846 glomerati
775 1791 809 1831 ea
832 1775 947 1848 apuam
972 1772 1062 1843 Grai,
1088 1792 1168 1833 noae
1190 1791 1288 1833 omnes

224 1879 251 1920 rs
266 1865 378 1919 terrent
408 1879 514 1929 aaron,
545 1879 635 1920 sonos
668 1865 773 1920 eaottot
798 1865 893 1921 omnis
921 1880 1096 1936 suspensum
1124 1867 1151 1921 et
1171 1866 1289 1937 pariter

266 1952 422 2023 comitique
444 1953 581 2023 noemae
603 1952 763 2010 linientem:
797 1970 871 2026 non,
898 1953 1013 2026 inquit,
1041 1970 1099 2027 quo
1122 1953 1204 2027 ipsas
1226 1971 1287 2012 me-

265 2042 384 2097 tuerem
411 2038 562 2114 tenebras,
590 2040 738 2099 sollicitus
760 2040 822 2114 fui,
838 2041 890 2099 sed
912 2060 950 2100 ne
973 2040 1010 2098 de
1032 2040 1163 2100 tenebris
1185 2043 1286 2117 inpro-

266 2129 351 2189 visus
378 2128 473 2188 hostis
502 2131 672 2207 emergeret.
718 2148 786 2189 oum
809 2130 904 2205 solus,
926 2131 1039 2205 inquit,
1063 2147 1156 2190 essem
1179 2134 1209 2190 et
1232 2129 1288 2189 oir-

267 2218 422 2277 oumfusus
445 2218 539 2278 hostis
562 2222 678 2295 tegeret
700 2220 796 2278 latera
818 2239 895 2294 mea,
917 2219 1001 2279 nullo
1024 2223 1106 2279 metu
1133 2221 1288 2298 tangebar,

224 2324 252 2366 so
267 2306 322 2366 sed
350 2325 417 2365 oum
445 2307 481 2365 de
511 2307 676 2367 adfectibus
703 2308 776 2367 meis
804 2308 968 2368 liberandis
996 2311 1160 2387 cogitarem
1182 2328 1288 2384 resque

266 2397 336 2471 ipsa
355 2398 433 2454 esset
450 2395 483 2453 in
500 2397 647 2472 manibus,
665 2416 725 2456 non
743 2418 791 2456 me
809 2398 927 2457 hostilis
947 2397 1107 2475 adgressio,
1127 2397 1178 2457 sed
1197 2415 1288 2457 eausa

266 2484 408 2544 terrebat.
455 2503 523 2543 oum
546 2486 625 2544 anim
647 2489 736 2563 turpe
765 2490 842 2546 esset
873 2490 1004 2545 metuere
1032 2488 1097 2545 viro
1125 2487 1210 2559 forti,
1239 2505 1288 2545 ex-

266 2575 454 2633 cusationem
482 2576 640 2634 necessarii
666 2576 785 2635 timoris
814 2575 963 2652 adiunxit,
991 2578 1027 2633 ut
1048 2577 1146 2653 magis
1168 2574 1288 2633 laudari
1327 2619 1329 2621 -

265 2662 415 2737 debuerit,
437 2664 510 2739 quia
531 2664 644 2738 timuit,
668 2683 758 2739 quam
779 2664 965 2741 reprehendi.
1007 2665 1167 2738 comitique
1191 2665 1287 2722 oneri·

225 2770 251 2811 ae
266 2769 326 2828 que
353 2753 523 2810 timentem:
554 2754 588 2810 in
615 2753 761 2830 singulari
788 2771 911 2811 numero
940 2772 999 2812 non
1026 2772 1120 2810 uuum
1148 2754 1288 2811 comitem

266 2840 504 2917 intellegendum
537 2843 594 2915 est,
627 2842 679 2900 sed
706 2846 882 2917 utrumque,
914 2845 949 2900 ut
981 2842 1078 2900 oneris
1106 2841 1287 2918 signifieatio

265 2931 419 3005 pertineat
443 2930 480 2988 ad
503 2933 629 3005 patrem,
653 2932 770 2990 comitis
795 2933 827 2988 et
849 2930 887 2989 ad
910 2949 1039 2989 uxorem.
1076 2932 1194 3005 tamque
1206 2935 1340 3005 pro-‘130

260 3019 451 3093 pinquadonn
468 3021 565 3091 pono
587 3036 755 3093 mnnemqne
776 3020 898 3079 uidebor
922 3022 1047 3078 eooebse
1072 3022 1166 3089 mom,
1193 3022 1288 3079 subito

265 3126 335 3167 cum
357 3108 458 3167 creber
480 3108 520 3166 od
543 3110 627 3166 auris
649 3111 730 3167 obus
754 3109 855 3168 adesse
873 3110 984 3181 pedwm
1002 3112 1130 3167 sonitus:
1152 3112 1289 3185 suspensi

339 3336 356 3385 8
377 3330 494 3398 aequori
506 3330 559 3383 LR
574 3330 616 3385 ed.
631 3347 749 3400 aequare
763 3331 790 3384 H
805 3332 848 3385 ed.
863 3333 936 3400 post.
953 3332 1082 3400 (puerilis
1095 3333 1127 3400 r).
1194 3336 1226 3383 13
1246 3348 1288 3386 oc-

264 3407 371 3472 capara
394 3400 447 3454 LR
467 3400 512 3455 vel
536 3407 654 3471 opacata
676 3401 698 3454 r'
722 3403 752 3456 iu
775 3419 864 3472 marg.
900 3406 904 3472 Ι
938 3404 1075 3457 neurada
1098 3402 1151 3455 LR
1176 3419 1244 3456 corr.
1265 3421 1288 3456 r.

322 3479 356 3526 14
376 3472 485 3527 adversi
498 3472 551 3526 LR
566 3474 608 3529 ed.
625 3474 737 3529 aduerso
751 3474 835 3544 Verg.
849 3474 918 3527 libri
932 3490 1027 3528 omnes
1042 3475 1072 3527 et
1085 3472 1115 3527 r'.
1178 3478 1210 3526 17
1226 3474 1287 3542 pol·

265 3545 361 3600 licitas
379 3543 433 3596 LR
451 3560 519 3598 corr.
539 3562 560 3597 r.
635 3549 669 3598 20
687 3562 749 3599 eom
767 3545 820 3598 LR
839 3546 882 3599 ed.
902 3562 964 3599 cam
982 3546 1015 3599 de
1032 3561 1092 3599 noe.
1114 3545 1117 3614 Ι
1143 3546 1289 3615 cogitarem

264 3615 318 3669 LR
336 3632 450 3685 operam
468 3616 563 3670 dorem
581 3616 624 3670 ed.
697 3621 732 3669 24
749 3618 871 3683 fetandi
888 3617 910 3670 L
928 3618 1037 3684 ferendi
1053 3616 1079 3669 It
1097 3616 1290 3683 reprehendit

263 3689 433 3757 (vituperari
447 3686 542 3742 adnot.
553 3686 586 3757 rt
604 3689 630 3742 si
642 3688 764 3754 feriendi
776 3689 912 3743 desiderio
926 3689 1079 3743 traheretur
1098 3687 1140 3741 ed.
1197 3691 1230 3740 27
1250 3686 1289 3739 ad

263 3758 318 3812 th
337 3758 382 3814 ed.
402 3758 799 3829 etadr(ve1Ripse)n0s.
902 3765 936 3813 29
955 3761 1227 3829 suspensi-246,4
1245 3773 1281 3812 so·

263 3832 343 3886 attae
361 3846 417 3884 om.
433 3828 476 3884 ed.
507 3874 511 3909 ,
