3250 4350
669 399 885 456 strumosi
1221 403 1286 468 143
1389 442 1391 445 ,

266 575 343 650 gunt
364 569 481 644 Musae,
496 569 620 646 *quibus
647 569 836 630 tradentibus
863 572 896 641 in
922 589 993 631 usus
1016 572 1170 631 hominmn
1193 575 1285 650 venit,

265 661 340 719 baec
366 661 399 718 in
426 658 573 737 agonibus
601 659 657 718 hoc
685 662 731 718 est
759 660 851 718 sacris
875 659 1088 721 certaminibus
1112 664 1285 722 coronatur:

266 768 332 809 ecce
357 766 406 808 ars
428 749 564 823 honesta,
587 748 758 808 convivium
778 767 897 824 quoque
916 768 976 808 non
995 749 1146 809 dissimile.
1183 751 1283 810 videa·

264 857 332 898 mus
357 837 460 914 qualia
483 837 623 898 canebat:
646 837 752 907 docuit,
771 839 880 914 inquit,
899 857 983 912 quon
1000 841 1148 898 musterus
1165 838 1283 910 Atlans,

240 928 321 989 sboc
345 929 391 986 est
411 945 471 985 non
498 927 601 1003 turpia
629 929 683 985 aut
710 926 851 1005 obscena,
881 927 932 986 sed
955 929 1108 987 venientia
1130 947 1166 987 ex
1187 929 1284 1006 philo·

265 1016 389 1092 sophiae
407 1017 500 1090 fonte,
518 1035 597 1092 quae
621 1016 763 1075 docuerat
780 1015 891 1075 Atlans
914 1018 1072 1092 maximus,
1094 1017 1200 1093 plenus
1223 1020 1282 1077 vir-

264 1109 368 1164 tutum
395 1123 483 1164 verae
511 1104 727 1182 philosophiae.
775 1104 886 1165 dicitur
912 1108 975 1164 iam
1003 1105 1077 1182 qnid
1099 1106 1207 1166 Atlans
1234 1108 1283 1165 vel

265 1195 387 1273 scripsit
409 1193 458 1253 vel
481 1194 595 1253 docuit:
619 1198 764 1254 errantem
786 1196 890 1255 turem
911 1195 1036 1268 setisque
1059 1195 1181 1265 laborer,
1204 1198 1282 1255 trac-

263 1280 357 1360 tavit,
379 1283 491 1360 inquit,
516 1301 620 1343 cursus
643 1282 714 1343 solis
738 1287 768 1343 et
790 1285 893 1358 lunae,
920 1286 999 1344 ceule
1020 1285 1170 1343 leontinum
1190 1303 1282 1360 gertus

221 1393 250 1434 ro
264 1377 290 1432 et
298 1374 438 1449 pecudes,
451 1372 531 1432 erede
543 1372 637 1432 imber
651 1377 677 1432 et
688 1375 779 1448 ignes
793 1370 955 1433 Arcturum
963 1374 1142 1449 pluviosque
1154 1374 1283 1450 Hyades

261 1465 447 1537 soricesque
471 1461 606 1531 Triones,
635 1463 706 1536 eote
728 1460 845 1523 seue
866 1480 971 1523 oeeueo
988 1468 1148 1537 properent
1164 1481 1195 1523 se
1217 1466 1271 1522 tirr-
1284 1466 1335 1517 745

261 1569 350 1626 geere
376 1551 450 1612 soles
478 1552 593 1611 biberet
619 1551 665 1610 cel
691 1568 766 1625 quoe
793 1552 888 1611 tardis
908 1569 997 1619 ,moro
1023 1553 1155 1612 noctibus
1181 1554 1282 1613 obstet:

265 1660 341 1718 quae
368 1640 421 1699 ille
448 1640 485 1699 de
507 1660 607 1699 rernm
630 1643 741 1699 natura
762 1640 950 1717 pertractans
973 1640 1075 1700 docuit
1097 1642 1170 1702 haec
1192 1642 1282 1718 Iopas

265 1731 294 1788 et
319 1747 393 1789 voce
422 1732 453 1788 et
478 1724 823 1789 iucmditese'citharee
849 1729 1044 1807 personabat,
1072 1731 1187 1790 scilicet
1216 1750 1280 1790 cur·

226 1818 345 1881 usibus
373 1818 445 1878 solis
474 1821 504 1877 et
531 1820 621 1877 lunae
648 1821 728 1878 stare
756 1817 913 1899 hominum
945 1838 1038 1897 genus
1071 1823 1101 1878 et
1132 1839 1281 1897 pecorum,

264 1909 409 1968 tractavit
431 1911 462 1967 et
485 1908 633 1984 quomodo
656 1907 767 1967 imbros
788 1908 930 1984 ,existunt
952 1907 1031 1966 unde
1054 1911 1281 1969 committantur

264 1997 393 2076 fulgura,
416 1996 495 2056 unde
519 1995 651 2056 siderum
673 1994 819 2057 transitus
842 1995 897 2056 fiat
919 1997 968 2056 vel
991 1996 1100 2073 quibus
1124 2017 1159 2056 ex
1183 1999 1280 2059 causis

263 2087 293 2145 in
310 2086 491 2146 brevitatem
510 2089 564 2145 ant
580 2080 800 2164 longitudinem
814 2089 1036 2146 commutentur
1049 2086 1112 2146 dies
1126 2092 1157 2146 et
1170 2091 1280 2165 noctes,

264 2195 340 2254 quae
364 2176 464 2237 omnia
487 2176 649 2235 adrerum
672 2180 811 2235 naturam
834 2178 987 2253 pertinent
1010 2180 1040 2236 et
1058 2175 1116 2236 nisi
1135 2196 1154 2236 a
1172 2178 1280 2239 doctis·

218 2283 252 2328 ss
263 2267 345 2326 simis
364 2266 488 2326 tractari
506 2285 566 2325 non
585 2267 718 2342 possunt.
755 2268 939 2341 ingeminaret
950 2268 1065 2341 plausu
1079 2267 1164 2341 Tyrii
1178 2268 1280 2327 Troes·

264 2373 317 2428 que
333 2358 509 2429 sequeretur:
531 2355 630 2431 primo
649 2354 725 2414 dixit
744 2355 851 2431 Tyrios
869 2357 1011 2432 plausum
1030 2355 1153 2432 dedisse,
1172 2356 1279 2416 deinde

264 2444 420 2519 Troianos3
452 2446 618 2504 nescientes
642 2444 721 2503 enim
744 2445 989 2504 consuetudinem
1012 2444 1132 2523 reginae
1157 2446 1279 2504 Troiani

265 2533 339 2593 nihil
362 2532 526 2594 debuerant
548 2533 663 2611 priores
686 2533 817 2609 efficere,
838 2553 875 2592 ne
898 2534 929 2593 in
953 2534 1055 2611 aliquo
1079 2533 1279 2611 displicerent,

267 2624 348 2700 sequi
369 2625 470 2683 umen
493 2641 542 2683 eos
566 2624 621 2700 qui
644 2641 680 2681 ex
701 2642 783 2683 more
806 2623 957 2684 faciebant
984 2644 1045 2683 non
1067 2622 1126 2682 fuit
1151 2627 1278 2682 temera-

224 2713 350 2771 arrium
395 2713 529 2772 universi
550 2713 668 2772 interea
690 2711 722 2770 in
745 2713 792 2772 bis
816 2713 1023 2789 voluptatibus
1045 2713 1166 2771 fuerant
1193 2731 1277 2772 occu-

268 2803 337 2876 peti,
359 2800 414 2861 boc
437 2805 482 2861 est
505 2800 667 2876 cantando,
691 2801 854 2881 audiendo,
876 2800 1047 2879 plaudendo
1070 2802 1119 2861 vel
1141 2800 1279 2877 bibendo,

270 2890 368 2968 regina
387 2894 490 2950 'autem
512 2909 572 2951 uon
596 2909 684 2971 aegre
706 2890 879 2967 patiebatur
901 2895 1019 2951 noctem
1045 2890 1092 2949 bis
1120 2890 1278 2969 generibus

270 2977 353 3054 trabi,
374 2978 424 3039 sed
445 2982 513 3057 ipsa
535 2999 654 3058 quoque
677 2999 830 3039 morarum
848 2998 953 3041 causas
971 2979 1152 3057 requirebat,
1170 2980 1278 3057 quibus

271 3065 299 3125 in
323 3068 443 3149 longum
469 3068 591 3147 vigilius
614 3070 749 3146 duceret,
782 3070 851 3129 aliis
875 3071 956 3128 enirn
977 3068 1151 3148 potantibus
1173 3071 1278 3130 vinum

234 3154 332 3232 reipsa
348 3160 477 3217 amorem
494 3158 623 3219 bibebat.
659 3158 771 3218 idcirco
795 3161 840 3219 ait
862 3177 914 3219 rcee
936 3176 996 3219 nore
1018 3161 1149 3219 et'vorr'o
1166 3155 1277 3220 noctem

272 3261 392 3307 sermone
417 3249 548 3309 trahebat
573 3248 678 3322 infelix
699 3248 781 3308 Dido
808 3243 982 3324 degensque
1010 3250 1123 3309 bibebat
1149 3266 1277 3308 emmer

272 3364 473 3379 ··-----

338 3436 501 3493 emersis
514 3443 540 3493 et
552 3437 630 3492 ued.
683 3442 716 3490 10
731 3438 806 3508 iguis
818 3436 844 3489 R
856 3439 933 3507 torres
946 3435 1043 3491 1=L.
1095 3442 1199 3491 14-15
1214 3453 1275 3490 cer·

274 3506 340 3562 sibus
356 3522 377 3561 e.
394 3514 419 3563 et
436 3509 452 3563 1.
471 3514 544 3565 stare
562 3509 614 3561 LR
632 3508 676 3564 ed.
696 3524 794 3564 uerus
810 3526 832 3563 s.
852 3514 878 3564 et
895 3509 913 3562 l.
926 3508 1001 3563 ende
1017 3514 1102 3563 staret
1119 3527 1140 3562 r.
1197 3512 1230 3560 16
1249 3513 1276 3562 et

275 3578 394 3644 vomodo
411 3579 432 3633 L
450 3587 475 3635 et
493 3597 545 3634 om
560 3579 586 3634 R
604 3579 669 3634 add.
684 3599 705 3634 r.
728 3582 732 3650 Ι
753 3581 875 3635 eerbtoret
892 3578 914 3633 L
933 3578 976 3633 ed.
995 3581 1116 3633 erutuet
1132 3579 1165 3633 R.
1187 3582 1191 3647 Ι
1213 3595 1275 3632 erue

276 3647 409 3705 meere
425 3650 477 3706 ΒΡ»
495 3654 603 3723 (oretur
620 3651 655 3722 R)
674 3654 824 3707 mittuntur
842 3652 885 3705 ed.
905 3651 1108 3705 conrrrrittoretur
1125 3666 1176 3703 nos
1201 3647 1229 3717 (i.
1249 3664 1272 3702 e.

278 3718 462 3793 conficiantur).
521 3728 555 3778 20
570 3724 677 3793 plaeere
695 3723 747 3776 LR
765 3725 797 3778 at
816 3728 841 3790 2,
856 3728 870 3776 ι
887 3724 1027 3791 plostrum,
1046 3720 1121 3790 qnod
1139 3719 1187 3774 hic
1205 3736 1274 3788 quo-

278 3804 324 3856 que
338 3790 421 3849 habet
438 3794 480 3850 ed.
554 3800 587 3849 23
607 3795 759 3851 debuerunt
776 3794 820 3849 ed.
837 3797 842 3863 Ι
862 3794 957 3863 atiquo
975 3793 1001 3846 u
1017 3794 1049 3846 ire
1067 3810 1092 3847 a.
1112 3809 1173 3844 r=
1188 3790 1218 3844 1..
