3250 4350
654 424 838 480 AENEIDOS
855 425 895 478 III
1221 365 1294 491 329⁴

266 591 387 650 laudari
405 596 590 668 commeruit,
610 597 708 653 cetera
725 595 914 671 generaliter.
952 593 1163 670 textilibusque
1182 599 1288 654 onerat

268 680 355 740 donis
383 698 418 740 ac
445 682 520 741 talia
543 684 639 742 fatur:
671 683 702 741 in
725 683 834 743 Heleni
856 686 942 759 parte
966 682 1042 741 dixit
1064 683 1216 760 stipatque
1240 703 1288 744 ca-

267 770 353 844 rinis,
376 769 425 828 hic
449 770 526 830 dixit
548 775 660 831 onerat.
706 772 838 831 Helenus
862 773 954 831 donat
977 774 1143 849 argentum,
1163 772 1290 848 lebetas,

268 859 397 937 galeam,
417 860 552 936 loricam,
572 879 654 919 arma
676 864 812 936 personis
836 865 908 938 apta
930 860 1114 934 fortioribus,
1131 863 1196 936 ipse
1215 881 1288 938 quo-

241 966 328 1024 eqne
351 950 399 1007 vir
422 948 522 1024 fortis3
545 953 671 1010 noverat
694 953 774 1009 enim
793 952 860 1026 quis
879 952 928 1009 cui
946 949 1019 1027 quid
1037 949 1108 1008 dare
1127 950 1287 1010 debuisset.

269 1038 364 1097 donat
386 1039 489 1096 autem
511 1058 604 1115 puero
627 1039 736 1098 mulier
755 1041 788 1098 in
806 1040 939 1100 vestibus
958 1041 1110 1098 uniuersa:
1133 1039 1189 1097 hae
1209 1042 1288 1098 enim

269 1126 487 1186 conveniebant
505 1129 626 1203 utrique
639 1147 791 1204 personae.
821 1147 888 1188 cum
903 1131 1003 1188 autem
1017 1117 1136 1188 offerret
1149 1128 1290 1201 Ascanio,

270 1214 389 1274 addidit
412 1215 504 1274 etiam
527 1217 620 1275 verba
642 1217 909 1295 plena-religionis
933 1221 963 1277 et
986 1237 1062 1293 quae
1086 1217 1179 1274 animi
1205 1216 1288 1276 beni-

268 1305 436 1364 volentiam
463 1306 597 1381 apertius
625 1305 876 1381 demonstrarent,
904 1305 1190 1369 commendationem
1215 1325 1288 1381 quo-

229 1416 256 1455 io
271 1412 330 1469 que
355 1393 540 1453 continentia
563 1397 594 1453 et
616 1395 716 1453 dantis
741 1399 771 1454 et
792 1415 956 1455 munerum.
1003 1397 1109 1468 accipe,
1130 1395 1239 1471 inquit,
1264 1400 1291 1454 et

269 1484 349 1551 baec,
369 1501 513 1542 mucra
535 1484 588 1544 tibi
610 1502 685 1558 qaae
706 1490 892 1544 monumenta
914 1503 1048 1544 mearam
1069 1487 1138 1553 stat,
1154 1503 1241 1558 paor,
1265 1488 1293 1544 ct

270 1573 391 1645 teneam
408 1570 634 1632 Andromachae
651 1576 789 1632 testentur
807 1591 949 1633 amorem:
972 1574 1046 1632 duas
1069 1575 1166 1649 partis
1188 1594 1291 1632 mune·

269 1680 336 1719 rum
361 1660 442 1734 iecit,
466 1679 557 1720 unam
582 1680 659 1737 quae
682 1662 714 1721 in
737 1663 869 1738 antiquis
893 1662 999 1739 opibus
1021 1662 1127 1722 fuisset
1154 1682 1289 1739 quaeque

269 1751 350 1808 esset
373 1750 509 1809 coniecta
531 1750 671 1810 manibus
695 1753 810 1826 alienis,
833 1753 866 1810 in
889 1771 950 1828 qua
974 1752 1107 1827 chlamys
1131 1755 1198 1811 auri
1221 1752 1290 1811 sub-

231 1859 256 1900 re
270 1839 405 1916 tegmine
436 1840 567 1916 variata,
601 1841 728 1900 alteram
760 1859 837 1916 quae
863 1860 924 1900 non
951 1843 1031 1900 tanti
1057 1843 1148 1916 pretii
1174 1843 1290 1918 fuisset,

270 1929 349 1989 esset
376 1929 478 1986 tamen
506 1928 644 1988 manibus
672 1931 808 1989 confecta
836 1929 1000 2007 largientis.
1046 1949 1114 1988 cum
1142 1949 1212 2008 ergo
1235 1930 1292 1990 has

269 2035 390 2093 qnoque
420 2017 552 2092 offerret,
581 2020 625 2077 ait
649 2020 749 2095 accipe
773 2022 803 2077 et
826 2019 900 2079 haee
922 2019 978 2078 hoc
1001 2022 1046 2077 est
1068 2022 1188 2096 praeter
1211 2020 1290 2078 chla-

269 2105 392 2183 mydem
415 2109 446 2165 et
467 2106 624 2183 praedicta
648 2107 749 2184 accipe
773 2109 866 2168 etiam
888 2108 962 2167 haec
985 2127 1061 2184 quae
1085 2109 1198 2167 confeci
1223 2111 1292 2185 ipsa

270 2195 411 2254 manibus
438 2197 526 2271 meis,
554 2200 590 2255 ut
616 2197 739 2257 haberet
767 2198 895 2257 alterum
923 2197 1002 2274 quod
1029 2202 1106 2257 esset
1128 2200 1162 2256 in
1184 2199 1291 2274 pretio,

232 2304 257 2343 ro
271 2285 402 2344 alterum
425 2286 505 2361 quod
528 2288 630 2346 omnia
648 2288 792 2364 religione
811 2289 999 2363 praeveniret
1017 2306 1070 2345 nec
1089 2287 1294 2346 consideraret

271 2373 345 2449 quid
378 2374 481 2432 datum
513 2375 677 2451 videretur,
714 2376 766 2435 sed
799 2379 960 2451 respiceret
995 2378 1095 2451 potius
1132 2395 1292 2451 personam

270 2462 373 2521 dantis
401 2466 431 2521 et
459 2463 624 2525 adfinitatis
653 2464 809 2525 adfectum.
856 2464 973 2524 addidit
996 2465 1202 2523 Andromache
1225 2482 1293 2523 con-

270 2554 351 2625 tueris
373 2552 545 2621 Hectoreae,
573 2554 630 2613 hoc
657 2557 702 2613 est
730 2555 756 2614 si
782 2556 880 2630 pretio
909 2572 963 2613 suo
991 2555 1132 2612 meritum
1158 2553 1238 2629 apud
1260 2556 1290 2611 te

271 2642 333 2699 ista
361 2640 469 2700 habere
496 2644 699 2719 nequiverint,
720 2642 854 2703 habeant
876 2644 995 2717 saltem,
1019 2643 1099 2718 quod
1121 2643 1176 2701 has
1199 2642 1295 2701 donat

233 2748 258 2789 rs
272 2729 495 2805 Andromache,
523 2751 598 2791 uxor
624 2731 776 2806 Hectoris,
804 2732 945 2793 avunculi
971 2733 1033 2807 tui3
1064 2731 1154 2789 huius
1180 2732 1293 2807 quippo

272 2819 501 2879 necessitudinis
526 2823 806 2881 commemoratione
829 2821 881 2879 fiet
905 2823 1015 2880 amoris
1033 2822 1130 2880 nostri
1148 2823 1294 2880 memoria

271 2909 305 2966 in
337 2909 398 2967 tuis
431 2909 565 2968 sensibus
598 2910 750 2969 diuturna.
796 2928 867 2984 eope
898 2912 977 2969 dora
1007 2914 1134 2970 erlrema
1160 2915 1291 2969 tuorem:

271 2996 417 3056 libentius
446 2998 540 3074 accipi
565 2997 673 3058 debent
697 3018 773 3075 quae
796 3000 854 3058 tibi
877 2999 1004 3058 offerunt
1026 3000 1072 3058 tui
1095 3000 1185 3057 dandi
1208 3017 1293 3058 occa-

272 3088 388 3145 sionem
407 3087 499 3145 aliam
517 3106 577 3146 non
595 3087 737 3148 habituri.
766 3108 910 3148 manuum
929 3088 985 3146 tibi
1004 3108 1081 3163 quae
1099 3092 1293 3148 monumenta

230 3193 409 3236 comeatum
441 3177 513 3251 sint,
545 3196 632 3252 puer,
665 3180 696 3236 et
726 3179 850 3255 longum
882 3176 1107 3236 Andromachae
1143 3181 1292 3237 testentur

348 3386 361 3433 1
382 3380 497 3435 laudari
514 3382 732 3437 commemorarit
748 3382 800 3434 th
820 3383 953 3436 laudatar
971 3400 992 3436 e.
1011 3400 1025 3435 r
1048 3383 1163 3436 laudari
1180 3398 1293 3436 comme·

270 3453 332 3507 ruit
355 3468 406 3505 noe
430 3451 464 3506 of.
485 3458 545 3506 606.
644 3455 741 3523 oquae
759 3455 805 3507 cui
823 3454 891 3522 qaid
909 3453 962 3507 LR
984 3454 1056 3523 qaod
1078 3454 1175 3521 cuique
1193 3452 1236 3506 ed.

272 3530 288 3578 6
308 3525 376 3578 baec
389 3522 442 3576 LR
454 3524 498 3578 ed.
513 3525 564 3578 bae
581 3540 640 3577 nos.
698 3529 712 3577 7
732 3526 908 3580 conveniebat
920 3524 972 3577 La
985 3526 1066 3579 -baat
1083 3524 1126 3578 ed.
1183 3530 1216 3578 12
1231 3524 1292 3577 Aa·

225 3608 227 3611 ·
271 3595 418 3650 dromeehe
436 3595 479 3648 ed.
500 3612 539 3649 es
557 3595 600 3649 ed.
619 3597 692 3664 post.
776 3601 809 3650 14
828 3613 883 3651 esse
900 3595 926 3648 R
943 3603 1008 3651 ecca
1025 3614 1047 3649 r.
1130 3600 1162 3647 17
1182 3596 1292 3662 afferret

271 3666 317 3721 ed.
412 3671 444 3719 19
464 3666 569 3721 meieL
591 3667 695 3721 satsR
718 3683 786 3721 corr.
806 3684 828 3722 r.
919 3673 954 3721 20
976 3684 1026 3721 aec
1042 3666 1095 3719 LR
1117 3683 1175 3720 aaa
1193 3666 1236 3720 ed.

272 3742 308 3791 30
327 3754 362 3791 erc
380 3737 492 3861 miqum
510 3737 536 3790 R
554 3754 623 3793 corr.
643 3756 664 3791 r.
699 3741 703 3809 Ι
737 3739 920 3793 andromache
937 3738 990 3791 LR
1008 3740 1051 3792 ed.
1072 3755 1110 3793 -ee
1129 3738 1171 3791 ed.
1191 3739 1263 3807 poet,

269 3814 410 3864 testaretur
454 3850 460 3862 .
