3250 4350
300 431 322 502 6
580 434 720 490 DONATI
737 435 907 490 INTERPR.
927 434 1035 492 VERG.

299 607 380 666 lectu
407 606 495 684 longe
523 623 585 665 esse
613 604 764 666 discretos.
811 605 962 682 Vergilius
990 606 1071 663 enim
1097 605 1124 663 si
1147 604 1224 662 dixit
1246 603 1318 663 deos

299 710 363 755 esse
391 698 422 754 et
443 710 561 754 rursum
583 713 643 754 non
666 712 730 753 esse
752 695 944 768 memoravit,
968 695 1028 753 alio
1051 697 1152 753 autem
1174 694 1241 752 loco
1263 708 1318 770 po

299 785 361 844 suit
384 800 455 857 esse,
479 783 530 842 sed
553 783 629 841 nihil
653 801 770 858 curare,
795 784 855 841 alio
878 802 948 842 vero
972 800 1035 844 esse
1059 785 1089 841 et
1111 801 1215 842 curare
1239 800 1318 858 quae

298 874 433 933 homines
452 875 553 950 agant,
572 890 637 932 esse
656 873 754 931 fatum
776 875 807 931 et
830 892 889 931 non
913 891 984 946 esse,
1008 875 1088 932 stata
1111 872 1159 930 die
1182 872 1319 931 homines

299 963 377 1022 mori
400 963 430 1020 et
452 961 603 1021 interdum
627 963 697 1020 ante
719 961 911 1037 praefinitum
934 965 1052 1038 tempus
1075 963 1223 1039 extingui,
1251 975 1319 1020 sen·
1344 981 1355 1020 s

299 1047 357 1110 ti're
381 1051 496 1127 aliquid
518 1053 651 1110 mortuos
674 1051 724 1109 vol
746 1049 823 1108 nihil
846 1068 909 1109 esse
932 1052 1159 1128 postmortem,
1182 1068 1243 1108 non
1266 1050 1319 1108 ad-

299 1142 425 1201 serentis
449 1139 547 1199 officio
571 1139 677 1199 ductus
701 1141 755 1215 est,
786 1139 838 1199 sed
860 1158 915 1215 pro
937 1144 1080 1216 tempore,
1103 1159 1158 1216 pro
1181 1157 1320 1215 persona,

300 1248 355 1306 pro
378 1229 453 1303 loco,
476 1247 530 1305 pro
555 1247 645 1288 causa
667 1231 721 1287 aut
744 1228 894 1286 adstruxit
915 1231 976 1289 ista
998 1232 1052 1287 aut
1074 1233 1153 1288 certe
1172 1227 1319 1288 dissolvit.

286 1319 439 1392 denique,
467 1320 493 1378 si
525 1318 564 1377 ad
590 1320 779 1394 propositum
808 1319 909 1376 thema
938 1318 1105 1391 redeamus,
1134 1318 1319 1375 inveniemus

300 1407 469 1488 Vergilium
491 1407 523 1465 id
546 1426 609 1466 esse
631 1408 806 1483 professum,
825 1409 861 1465 ut
884 1410 969 1485 gesta
987 1408 1105 1466 Aeneae
1123 1409 1319 1483 percurreret,
1332 1426 1357 1466 ro

298 1514 358 1555 non
385 1499 420 1554 ut
448 1496 581 1572 aliquam
608 1497 749 1555 scientiae
772 1495 923 1554 interioris
946 1497 994 1555 vel
1016 1496 1226 1573 philosophiae
1249 1514 1319 1579 par-

297 1588 360 1644 tem
384 1587 470 1662 quasi
493 1586 628 1644 adsertor
651 1585 830 1644 adsumeret.

365 1672 484 1733 Interea
502 1674 558 1733 hoc
577 1693 694 1749 quoque
712 1674 883 1732 mirandum
900 1675 988 1732 debet
1002 1675 1128 1749 adverti,
1142 1674 1185 1733 sic
1199 1673 1319 1732 Aeneae

298 1763 418 1823 laudern
437 1781 499 1824 esse
518 1763 705 1839 dispositam,
719 1766 754 1821 ut
771 1765 803 1820 in
822 1763 919 1839 ipsam
938 1764 1087 1838 exquisita
1106 1767 1170 1822 arte
1185 1764 1320 1821 omnium

297 1855 494 1912 materiarum
517 1871 626 1930 genera
644 1852 845 1912 convenirent.
884 1871 943 1927 quo
961 1852 996 1910 fit
1014 1855 1050 1911 ut
1067 1852 1236 1929 Vergiliani
1255 1870 1318 1911 car·
1333 1871 1355 1911 15

298 1942 387 2000 minis
416 1942 511 2000 lector
537 1941 693 2000 rhetoricis
721 1943 888 2016 praeceptis
913 1943 1023 2000 instrui
1045 1943 1142 2016 possit
1165 1944 1195 1999 et
1218 1941 1320 1999 omnia

298 2030 420 2089 vivendi
447 2030 614 2108 agendique
642 2029 742 2088 officia
763 2032 902 2105 reperire.
947 2033 1043 2090 restat
1065 2033 1101 2088 ut
1124 2033 1194 2088 ante
1217 2030 1318 2105 dispu-

297 2121 423 2179 tationis
460 2119 611 2179 interioris
648 2119 815 2196 ingressum
852 2122 945 2180 etiam
980 2119 1037 2178 hoc
1078 2119 1184 2198 debeat
1227 2122 1319 2193 nosci,

298 2208 517 2267 ordinationem
542 2208 639 2283 operis
664 2210 711 2266 sui
739 2210 781 2266 sic
809 2210 979 2269 conlocasse
1002 2209 1181 2287 Vergilium,
1208 2212 1244 2267 ut
1266 2228 1318 2285 po-

298 2299 424 2357 steriora
451 2300 592 2374 primitus
620 2300 650 2374 et
678 2300 776 2373 prima
803 2300 952 2373 posterius
980 2301 1118 2375 poneret,
1145 2317 1216 2356 nam
1246 2298 1354 2357 sici-a

297 2388 385 2447 liensi
413 2389 445 2444 in
472 2390 559 2463 parte
587 2387 778 2465 naufragium
806 2387 988 2463 descriptum
1016 2406 1076 2446 non
1104 2388 1183 2446 inter
1205 2389 1319 2462 primos

297 2476 414 2536 labores
443 2477 561 2535 Aeneae
589 2476 818 2549 numerabatur,
851 2495 945 2551 usque
978 2476 1060 2534 adeo·
1084 2479 1118 2534 ut
1147 2478 1211 2551 ipse
1239 2476 1319 2534 idem

298 2565 408 2624 diceret
436 2557 480 2647 (1,
508 2558 579 2646 29):
610 2567 756 2639 „iactatos
785 2584 914 2640 aequore
941 2567 1007 2624 toto
1035 2566 1142 2637 Troas,
1173 2566 1318 2640 reliquias

297 2655 436 2714 Danaum
460 2657 550 2729 atque
572 2656 688 2713 inmitis
712 2654 841 2728 Achilli,
870 2654 991 2714 arcebat
1018 2656 1106 2732 longe
1129 2654 1218 2712 Latio
1243 2655 1319 2712 mul-

296 2745 403 2819 tosque
423 2763 477 2819 per
495 2762 589 2802 annos
609 2743 750 2801 errabant
769 2744 830 2801 aeti
849 2743 921 2803 fatis
939 2746 1035 2802 maria
1054 2744 1155 2801 omnia
1173 2742 1353 2817 circum“;a

297 2833 328 2891 et
360 2851 395 2890 ex
422 2831 540 2890 Aeneae
574 2851 702 2907 persona
730 2824 894 2914 (1,198):
931 2852 967 2905 „o
995 2834 1082 2905 socii,
1115 2850 1211 2906 neque
1241 2834 1320 2890 enim

297 2922 397 2999 ignari
420 2938 520 2979 sumus
545 2925 613 2979 ante
637 2922 794 2995 malorum,
818 2941 835 2979 o
859 2924 941 2996 passi
964 2922 1112 2999 graviore,
1139 2920 1224 2979 dabit
1248 2923 1320 2980 deus

296 3009 343 3068 his
372 3027 491 3086 quoque
517 3009 615 3068 finem.
661 3028 715 3070 vos
743 3013 774 3069 et
802 3010 972 3086 Scyllaeam
997 3010 1112 3069 rabiem
1138 3011 1320 3085 penitusque

297 3099 431 3158 sonantis
455 3100 580 3159 accestis
604 3101 749 3175 scopulos,
773 3118 826 3159 vos
848 3103 878 3158 et
903 3098 1051 3176 Oyelopea
1075 3118 1146 3158 saxa
1172 3098 1320 3175 experti“;

297 3191 327 3246 et
355 3207 389 3246 ox
416 3204 544 3263 persona
571 3187 698 3247 Didonis
726 3181 771 3270 (1,
792 3181 885 3270 755):
922 3208 1011 3263 „nam
1039 3192 1069 3247 te
1096 3191 1159 3247 iam
1192 3188 1360 3264 septimam

296 3278 400 3352 portat
441 3276 577 3335 omnibus
620 3280 769 3336 errantem
810 3280 898 3337 terris
941 3282 971 3337 et
1011 3278 1151 3337 fiuctibus
1194 3275 1320 3337 aestas“.

296 3366 370 3424 haee
416 3384 486 3443 ergo
534 3385 610 3440 quae
652 3367 827 3442 posterioris
868 3369 1011 3443 temporis
1054 3369 1178 3425 fuerunt
1218 3367 1322 3442 posuit

329 3468 511 3486 L..—...-.-..

369 3541 385 3588 4
404 3542 477 3590 stato
496 3535 517 3588 L
538 3537 579 3603 (ta
600 3551 744 3604 superpos.
764 3549 839 3589 man.
861 3535 895 3605 II)
915 3536 941 3588 R
958 3542 1064 3591 aetola
1081 3535 1126 3590 ed.
1152 3566 1155 3569 ·
1193 3540 1208 3587 'l
1228 3542 1254 3589 et
1268 3546 1324 3604 pro'

296 3607 382 3676 L(in
400 3613 440 3661 set
453 3624 506 3675 pro
525 3623 594 3660 corr.
613 3621 687 3659 man.
706 3607 743 3677 II)
761 3613 787 3661 et
804 3608 830 3660 R
859 3608 907 3661 scd
925 3625 939 3659 r
957 3607 1000 3660 ed.
1074 3608 1252 3661 sodames
1269 3606 1324 3659 La

294 3680 436 3733 obstrusit
454 3678 496 3731 ed.
515 3678 518 3748 l
535 3679 589 3733 ista
609 3694 663 3731 om.
683 3679 726 3732 ed.
787 3684 820 3731 14
840 3679 932 3747 ipsam
950 3678 972 3731 L
992 3680 1054 3748 ipsa
1072 3679 1098 3731 R
1117 3678 1160 3731 ed.
1177 3680 1181 3747 1
1198 3679 1324 3731 omnium

294 3749 348 3873 Eli
367 3751 461 3803 orriolo
481 3750 525 3803 ed.
595 3754 626 3802 17
647 3750 838 3819 dispositionis
855 3750 999 3816 inferioris
1016 3750 1060 3803 ed.
1126 3754 1159 3802 28
1178 3750 1324 3816 squalleant

322 3821 354 3874 R.
430 3827 462 3875 32
482 3822 559 3887 tice-rc
580 3821 624 3875 ed.
