3250 4350
320 392 364 458 56
599 390 740 446 DONATI
757 390 926 444 INTERPR.
945 389 1052 444 VERG.

321 544 377 637 que
405 578 575 637 personam,
603 565 637 620 nt
664 559 734 619 inde
761 562 858 638 magis
885 559 985 618 dolere
1007 559 1160 632 rideatur,
1188 557 1269 634 quod
1289 560 1328 616 in·

321 650 425 708 feriori
452 649 540 709 licuit
565 651 635 725 post
663 648 810 708 excidium
833 649 941 708 Troiae
954 668 1018 724 per
1039 650 1087 707 tot
1109 647 1246 706 difficilia
1269 666 1330 707 oon·

322 740 408 815 sequi
429 739 635 814 plenissimam
657 740 808 814 requiem..
845 737 982 797 Antenor
1004 755 1082 815 ergo,
1105 737 1195 796 bomo
1219 737 1331 796 alienus

322 848 341 888 a
367 827 583 888 necessitudine
615 829 681 902 tua,
713 828 834 887 humilis
868 828 959 902 atque
991 825 1161 902 depressus,
1193 845 1209 884 e
1237 825 1331 886 modio

320 918 452 976 hostium
475 915 538 975 labi
557 919 655 992 potuit
674 920 827 975 eteorum
844 934 950 975 manus
969 916 1098 992 affugere
1117 914 1227 990 quibus
1239 915 1332 974 dlium
1353 931 1362 973 ι

322 1005 451 1065 concidit
478 1008 509 1065 et
535 1006 624 1064 multi
650 1005 765 1063 nobiles
793 1007 960 1080 perierunt,
993 1004 1031 1062 ad
1057 1004 1213 1080 Illyricum
1244 1006 1333 1063 etiam

320 1097 486 1171 penetrare.
532 1113 600 1154 oum
623 1094 697 1153 dicit
720 1094 758 1152 ad
780 1093 938 1169 Illyricum
960 1096 991 1152 et
1009 1093 1088 1152 'dicit
1110 1095 1283 1168 penetrare,
1305 1095 1334 1151 et

321 1185 526 1260 prolixitatem
540 1184 688 1242 terrarum
707 1183 883 1260 longissime
900 1186 1082 1242 remotarum
1100 1181 1333 1259 intellegendum

321 1277 366 1334 est
388 1275 554 1332 monstrare
577 1273 707 1332 voluisse
731 1274 761 1330 et
784 1271 994 1330 difficultatem
1017 1271 1219 1348 perveniendi,
1245 1271 1334 1330 simul

321 1361 478 1421 etiamad
505 1361 626 1420 hostilis
653 1362 749 1436 partis
777 1360 966 1436 penetrandi,
999 1379 1076 1436 quae
1108 1361 1209 1418 omnia
1242 1362 1334 1420 satiat
1346 1377 1365 1418 ro

320 1451 409 1510 dictis
436 1452 584 1526 posterius
614 1449 746 1509 adnexis.
791 1451 949 1526 penetra-re
977 1454 1022 1509 eat
1045 1451 1125 1509 enim
1146 1450 1268 1525 penitus
1290 1451 1333 1507 in·

319 1542 413 1613 trare,
447 1558 481 1598 eo
504 1539 621 1598 addidit
643 1541 734 1613 sinus,
756 1557 889 1598 recessus
913 1539 1027 1598 scilicet
1047 1541 1196 1597 terrarum
1224 1538 1333 1616 longis·

322 1631 395 1687 sime
417 1632 608 1702 remotarum,
631 1627 740 1704 quibus
764 1627 883 1687 clausus
906 1646 967 1686 non
989 1629 1139 1703 potuisset
1156 1626 1335 1704 eruderari

321 1717 454 1793 pericula
483 1719 660 1776 extitissent.
681 1720 737 1775 set
764 1721 798 1775 ut
821 1719 918 1775 maior
941 1720 1019 1776 esset
1041 1715 1166 1775 Veneris
1190 1717 1278 1776 dolor
1300 1715 1334 1774 de

320 1806 466 1865 felicitate
484 1805 656 1879 Antenoris,
679 1806 813 1880 evadere,
832 1808 941 1881 inquit,
964 1807 1065 1881 potuit
1087 1806 1206 1864 hostilis
1229 1820 1365 1870 manusc

256 1970 258 1975 Α
322 1914 356 1955 ac
384 1914 438 1971 per
464 1895 578 1953 medios
604 1895 746 1953 hostiumv
763 1894 868 1972 globos
896 1897 927 1952 et
955 1914 1009 1971 per
1030 1896 1220 1954 inimicorum
1243 1911 1334 1972 regna

321 1985 406 2043 tutus
439 2003 618 2059 securusque
649 1985 786 2042 transire.
838 1985 973 2058 transiit,
1004 1986 1118 2060 inquit,
1156 1987 1186 2042 et
1222 1983 1334 2043 fontem

323 2073 453 2132 Timavi:
486 2075 562 2131 miro
589 2073 680 2132 verbo
707 2092 762 2132 usa
790 2076 835 2131 est
862 2074 996 2147 transiit,
1028 2074 1156 2132 transire
1184 2074 1230 2131 eat
1257 2074 1334 2130 enim

322 2163 386 2221 siue
414 2163 589 2238 cuiusquam
617 2162 754 2221 molestia
781 2162 831 2220 vel
857 2161 1061 2237 inpedimento
1088 2163 1244 2238 pervenire
1277 2180 1333 2238 quo

322 2253 447 2327 quisque
479 2251 672 2311 contenderit.
720 2254 750 2309 et
782 2254 854 2326 quia
885 2252 1071 2310 levissimum
1102 2252 1161 2309 tuit
1192 2254 1365 2311 transisses

322 2342 435 2399 fontem
459 2332 566 2420 (fontis
589 2342 668 2398 enim
691 2340 870 2417 significatio
894 2341 1009 2398 nullam
1032 2339 1257 2399 demonstrabat
1279 2340 1333 2398 dif-

321 2429 486 2489 ficultatem
509 2420 704 2509 superatam),
722 2429 833 2488 idcirco
857 2429 974 2488 addidit
990 2428 1069 2488 unde
1087 2448 1141 2504 per
1159 2447 1212 2487 ora
1230 2449 1333 2489 novem

321 2522 406 2578 vasto
430 2538 497 2577 oum
521 2526 670 2576 murmure
693 2520 802 2578 montis
821 2520 848 2576 it
865 2537 946 2576 mare
965 2522 1160 2594 praeruptum
1180 2522 1211 2576 et
1228 2519 1333 2595 pelago

320 2610 430 2682 premit
456 2626 529 2666 arva
556 2609 683 2666 sonanti.
729 2626 765 2665 ne
790 2609 857 2682 quis
881 2607 1079 2665 arbitraretur
1102 2608 1215 2666 fontem
1240 2608 1332 2666 fuisso

320 2697 505 2771 mediocrem,
529 2698 581 2770 qui
604 2698 666 2754 siue
690 2696 791 2771 aliquo
816 2696 917 2755 labore
940 2697 1064 2754 transiri
1085 2697 1244 2771 potuisset,
1267 2699 1364 2755 tan-n

320 2789 369 2843 tae
393 2784 478 2842 illum
502 2786 615 2843 fontem
637 2787 758 2844 virtutis
782 2804 845 2844 esse
868 2786 1078 2858 conmemorat,
1096 2787 1131 2843 ut
1153 2804 1207 2861 per
1226 2804 1332 2845 novem

320 2874 403 2932 illius
427 2892 478 2932 ora
498 2874 639 2948 perieulis
659 2873 795 2933 omnibus
813 2874 890 2932 liber
908 2874 1044 2933 Antenor
1061 2875 1225 2948 transierit,
1246 2874 1332 2933 etad

320 2962 542 3038 exprimendam
565 2963 712 3020 undarum
735 2964 844 3022 molem
866 2965 970 3021 nexuit
992 2967 1078 3022 vasto
1098 2982 1164 3021 cum
1183 2982 1333 3021 murmure

320 3053 431 3110 montis
460 3053 486 3108 it
511 3070 592 3110 mare
619 3055 815 3128 praeruptum
847 3056 878 3110 et
909 3053 1016 3129 pelago
1048 3055 1158 3126 premit
1186 3071 1260 3111 arva
1288 3072 1332 3112 so

320 3142 419 3215 nanti,
451 3143 486 3197 ut
517 3140 583 3200 fons
616 3144 693 3199 esset
724 3142 756 3198 in
788 3142 851 3200 solo
882 3141 1041 3214 vocabulo,
1072 3160 1104 3199 re
1132 3145 1235 3199 tamen
1262 3160 1331 3200 vera
1347 3157 1374 3200 ω

321 3229 505 3287 abundantia
532 3232 591 3306 sui,
621 3232 732 3304 opertis
759 3233 847 3289 terris
875 3233 906 3288 in
933 3231 1031 3289 alieno
1055 3232 1201 3290 elemento
1225 3232 1334 3289 faciem

394 3421 408 3468 '1
428 3421 453 3469 et
471 3416 540 3470 dicit
558 3415 609 3468 th
628 3423 653 3470 et
671 3419 697 3471 d.
717 3420 799 3471 etiam
818 3418 861 3471 ed.
954 3422 987 3470 10
1005 3419 1091 3472 satiat
1109 3418 1162 3471 th
1179 3419 1270 3485 faciat
1282 3418 1336 3472 edl

320 3487 390 3553 facit
408 3486 474 3541 edF.
531 3492 563 3539 12
583 3504 612 3541 eo
631 3488 682 3540 LR
701 3494 726 3543 et
743 3489 786 3543 ed.
844 3494 876 3541 17
896 3491 1009 3543 transiit
1027 3490 1080 3542 LR
1097 3491 1239 3558 ereperooit
1257 3489 1299 3543 ed.

322 3562 356 3611 18
374 3559 488 3613 canalii
506 3560 625 3613 transire
643 3558 695 3612 LR
712 3562 853 3628 superavit
870 3577 1000 3628 superare
1019 3560 1060 3614 ed.
1117 3566 1150 3613 21
1170 3562 1336 3615 denzmtetrat

321 3629 364 3682 ed.
397 3672 406 3695 ,
447 3635 480 3682 22
500 3630 611 3684 addidit
629 3629 681 3682 LR
696 3633 790 3699 poenit
809 3632 852 3686 ed.
940 3637 973 3685 23
988 3639 1172 3703 praeruptum
1191 3631 1244 3685 LR
1258 3648 1334 3701 pror.

308 3716 329 3749 r
345 3700 387 3751 ed,
463 3706 500 3753 25
516 3701 640 3770 quibit
658 3720 725 3757 nom
742 3704 782 3759 sio
801 3704 844 3758 ed.
861 3705 1000 3774 ltronsire
1018 3703 1061 3755 ed.
1132 3708 1164 3755 27
1185 3708 1210 3757 et
1228 3703 1267 3757 od
1284 3702 1336 3757 La

208 3842 212 3887 ,
293 3773 326 3817 et
341 3784 394 3820 om,
418 3771 460 3823 ed,
541 3780 578 3829 29
590 3784 785 3849 praeruptum
804 3776 860 3832 th
878 3795 954 3849 pror.
973 3776 1018 3830 ed.
