3250 4350
662 416 846 472 AENEIDOS
864 417 890 470 11
1221 417 1286 482 247

266 583 351 660 quod
369 585 401 642 in
420 585 513 646 altero
532 587 646 645 malum
665 590 695 646 et
712 587 826 646 honum
842 588 875 645 in
893 587 988 646 altero
1003 587 1219 662 conprobatum
1233 590 1286 650 esi,

265 675 423 733 confusam
455 675 566 751 eripuit
597 677 739 735 mentem:
781 676 902 752 eulpam
933 675 1067 752 perditae
1100 676 1200 735 uxoris
1233 695 1288 752 per

264 763 490 840 neglegentiam
508 783 594 824 suam
613 765 700 824 iustis
719 764 951 842 allegationibus
971 782 1101 842 purgare
1124 765 1287 839 contendit,

265 869 338 911 usus
357 854 529 913 moralitate
547 854 728 929 plenissima.
757 854 878 930 quando
897 855 977 913 enim
995 855 1071 912 vitio
1084 857 1187 914 nostro
1202 857 1286 914 aetus

236 943 365 1001 snostn'
387 942 511 1002 adverso
536 945 617 1002 exitu
640 943 809 1017 considunt,
832 943 971 1018 culpatur
993 961 1116 1018 numen,
1144 962 1203 1019 quo
1232 961 1287 1001 nos

266 1029 395 1088 dicimus
422 1033 495 1108 regi.
541 1033 640 1091 neseio
669 1032 762 1108 quod,
785 1034 899 1107 inquit,
921 1032 1000 1090 male
1024 1034 1153 1091 amioum
1175 1051 1286 1090 numen

266 1123 399 1178 mentem
421 1139 520 1179 meam
541 1121 647 1180 multis
670 1121 904 1198 cogitationibus
928 1121 1082 1180 confusam
1110 1123 1285 1197 praeripuit.

267 1226 335 1266 eooe
364 1208 449 1268 addit
477 1209 568 1268 aliam
596 1211 830 1284 exeusationem
866 1211 966 1286 ipsum
993 1211 1075 1268 enim
1102 1210 1190 1268 deum
1213 1209 1286 1268 dicit

266 1297 482 1357 alienationem
508 1301 617 1358 mentis
644 1298 755 1359 ideireo
783 1299 936 1374 attulisse,
968 1299 1049 1375 quod
1079 1299 1157 1358 hane
1188 1298 1286 1373 ipsam

224 1407 251 1448 so
266 1386 394 1446 iuvisset
422 1387 555 1448 contusio
584 1389 774 1448 consiliorum
803 1389 951 1461 omnium,
981 1406 1057 1465 quae
1084 1387 1224 1447 veniebat
1251 1406 1287 1446 ex

266 1476 394 1536 diversis
427 1479 457 1535 et
488 1479 653 1536 innumeris
685 1479 790 1537 oausis.
837 1477 979 1555 purgavit
1006 1495 1077 1555 ergo
1107 1477 1199 1536 etiam
1230 1477 1286 1536 hoo

265 1583 376 1642 genere
402 1566 537 1640 perditae
565 1568 665 1625 uxoris
694 1567 813 1641 eulpam
839 1566 876 1625 ab
900 1568 983 1626 omni
1005 1584 1036 1625 se
1058 1566 1285 1641 reprehensione
1332 1570 1338 1612 ἱ

266 1653 441 1729 dissolvens,
464 1674 525 1731 qua
547 1655 644 1730 premi
666 1657 775 1730 potuit,
798 1659 905 1731 utpote
929 1655 983 1731 qui
1005 1657 1147 1714 nescierit
1166 1653 1285 1731 quando

265 1743 316 1802 vel
344 1762 404 1818 quo
432 1762 537 1821 genere
565 1743 743 1819 perdidisset
769 1763 901 1803 uxorem.
946 1761 1073 1816 nomque
1099 1746 1170 1803 ovio
1197 1761 1287 1803 eursu

226 1850 252 1892 rs
266 1832 339 1890 dum
366 1849 470 1904 sequor
498 1837 524 1891 et
548 1837 618 1892 nota
641 1834 743 1893 excedo
764 1837 881 1908 reptem
903 1835 1036 1892 viarm
1065 1832 1149 1907 dum,
1177 1833 1286 1907 inquit,

267 1922 342 1979 satis
371 1940 498 1996 propero
526 1923 747 1998 oppressionem
775 1923 916 1981 hostilem
942 1925 1092 1997 metuens,
1120 1923 1191 1979 dum
1217 1921 1285 1979 avia

267 2011 365 2087 magis
383 2012 480 2084 teneo,
498 2010 572 2069 dum
594 2010 722 2070 formido
745 2011 811 2070 loea
835 2031 895 2087 qua
918 2011 1075 2089 gradiendi
1096 2029 1167 2070 usus
1189 2010 1285 2069 homi·

266 2099 355 2158 nibus
378 2099 445 2178 fuit,
469 2099 540 2158 dum
561 2102 621 2159 iter
643 2102 740 2159 sector
761 2100 842 2177 quod
860 2100 1045 2179 fixgientibus
1065 2099 1211 2178 congruit,
1229 2101 1286 2158 teu

265 2192 374 2247 misero
397 2192 525 2249 coniunx
547 2191 646 2262 fatone
669 2195 767 2263 erepto
787 2190 900 2250 Creusa
917 2192 1052 2259 substitit,
1072 2192 1218 2250 arorites
1235 2192 1286 2248 vio

227 2296 253 2337 aa
266 2295 320 2336 seu
338 2278 420 2337 lasse
437 2280 544 2338 resedit
560 2282 710 2339 meritura.
739 2298 805 2338 eoae
823 2281 934 2338 iterum
951 2279 1172 2357 neglegentiam
1191 2296 1276 2336 suam
1287 2283 1338 2331 '140

267 2366 340 2426 fatis
360 2366 512 2443 adscribit,
526 2368 600 2427 dioit
613 2386 644 2427 se
658 2370 805 2427 incertum
819 2386 874 2427 neo
887 2369 1019 2427 iudicare
1032 2368 1165 2444 potuisse
1184 2369 1286 2426 utrum

267 2474 342 2514 uxor
366 2456 438 2515 fatis
456 2455 658 2516 invidentibus
677 2460 766 2532 rapta
785 2460 950 2517 enarrasset
972 2448 1103 2537 (dixerat
1121 2458 1201 2514 enim
1222 2457 1285 2515 sine

267 2546 319 2603 via
342 2538 592 2625 ambulabamus),
616 2564 653 2603 ne
675 2546 756 2605 lassa
779 2548 907 2605 forsitan
929 2545 1095 2619 resedisset,
1115 2544 1186 2620 quia
1209 2544 1285 2602 dixit

267 2632 436 2707 currebam,
474 2653 541 2693 oum
573 2635 718 2695 Anchises
755 2635 899 2695 clamaret
934 2636 1019 2711 fuge,
1055 2637 1134 2692 nate.
1185 2632 1285 2691 omnia

225 2741 252 2782 ae
267 2725 371 2781 autem
393 2724 499 2798 eulpae
523 2723 586 2784 eius
609 2725 739 2798 fuerunt,
762 2725 834 2800 quia
856 2744 917 2784 non
939 2726 1106 2799 postremus
1129 2722 1208 2795 ibat,
1233 2721 1286 2780 sed

265 2814 391 2888 primus.
436 2812 538 2888 potuit
566 2815 647 2872 enim
674 2816 728 2872 aut
755 2812 906 2873 sedentem
930 2813 1075 2889 opperiri,
1099 2813 1152 2869 aut
1175 2810 1286 2870 lassam

265 2904 380 2960 iuvare.
432 2918 484 2961 aee
509 2907 580 2975 post
610 2903 700 2961 oeulis
732 2906 774 2961 est
808 2904 925 2962 reddito
959 2904 1082 2960 nostem·
1118 2918 1178 2959 non
1210 2898 1286 2958 dixit

265 3010 328 3050 non
355 2989 441 3048 illam
468 2990 532 3049 vidi
558 2994 640 3067 post,
668 2990 719 3051 sed
747 3010 815 3050 oum
844 3010 908 3050 eam
935 2992 1125 3066 respicerem,
1153 3008 1212 3048 non
1240 2991 1286 3047 est

264 3078 386 3137 reddita
410 3079 503 3139 oeulis
526 3082 609 3139 meis.
654 3098 706 3139 eaeo
723 3083 813 3153 peius
837 3083 978 3139 omissam
999 3082 1114 3155 respexi
1138 3081 1285 3138 animum·

340 3308 354 3354 1
375 3302 492 3356 alterum
510 3302 614 3356 molam
632 3302 684 3355 LR
708 3318 776 3355 corr.
797 3302 863 3356 eds.
973 3308 1005 3355 11
1027 3319 1089 3372 erpo
1112 3319 1165 3355 om.
1186 3301 1229 3355 ed.

265 3380 300 3427 14
319 3389 416 3444 genere
434 3372 487 3425 LR
505 3374 549 3429 ed.
567 3373 680 3441 fraudis
697 3372 728 3427 in
746 3389 834 3443 marg.
854 3372 919 3427 add.
938 3391 959 3427 r.
1034 3379 1067 3426 16
1082 3390 1214 3442 prospero
1233 3372 1285 3425 LR

261 3461 381 3515 propero
400 3462 414 3496 r
433 3444 476 3499 ed.
533 3451 565 3498 17
586 3447 668 3515 leupo
682 3444 734 3497 LR
753 3446 840 3499 locor
858 3445 969 3515 toapoen
981 3446 1055 3499 eiam
1069 3443 1112 3497 ed,
1170 3449 1202 3497 18
1221 3460 1284 3498 eon·

264 3518 379 3587 praeitur
396 3515 422 3568 It
441 3531 510 3569 oorr.
528 3534 549 3570 r.
625 3522 657 3570 19
676 3517 785 3584 factem
803 3516 856 3569 LR
874 3532 943 3570 oorr.
962 3534 983 3569 r.
1048 3520 1081 3568 21
1101 3515 1170 3568 dicit
1187 3532 1214 3569 se
1233 3514 1285 3567 LR

264 3589 291 3642 d.
307 3588 400 3654 fuisse
419 3587 462 3640 ed.
489 3590 492 3657 l
521 3606 556 3642 rie
572 3587 627 3641 -LR
644 3604 693 3642 aee
710 3606 725 3641 r
742 3587 785 3643 ed.
864 3594 898 3640 22
918 3604 1003 3642 urae
1020 3586 1073 3638 LR
1090 3601 1163 3640 uxor
1180 3603 1194 3638 r
1213 3585 1256 3638 ed.
1278 3586 1281 3657 l

264 3676 320 3715 esse
337 3664 456 3713 orasset
472 3658 526 3712 LR
543 3665 610 3714 esset
627 3677 666 3713 aa
684 3676 705 3713 e.
724 3677 739 3712 r
757 3659 800 3713 ed.
820 3666 968 3714 eserrusset
985 3674 1045 3711 nos.
1136 3661 1170 3709 23
1190 3658 1283 3710 ambu-

264 3732 357 3786 lamus
376 3729 419 3783 ed.
450 3731 454 3799 Ι
488 3733 538 3799 qui
555 3731 607 3784 th
624 3732 691 3800 quia
711 3730 754 3784 ed.
842 3735 876 3784 24
894 3731 1015 3801 sapiente
1033 3728 1056 3781 L
1075 3735 1159 3782 -atem
1177 3727 1202 3780 R
1219 3728 1285 3798 supe

264 3808 329 3857 nate
347 3816 409 3855 nos.
427 3801 516 3872 sapite
535 3803 578 3857 ed.
643 3807 677 3856 28
696 3819 727 3856 ea
746 3801 799 3854 LR
818 3819 878 3856 eam
896 3801 939 3855 ed.
956 3802 960 3872 l
980 3801 1111 3869 respicere
1129 3800 1221 3854 vellem
1239 3799 1285 3852 ed.
