3250 4350
710 409 895 470 Annmnos
913 416 952 470 IV
968 426 970 428 ·
1279 416 1345 481 375

326 582 443 642 Aeneas
466 585 498 642 in
521 585 576 641 illa
599 584 807 645 coniunctione
830 604 890 644 non
913 585 1100 644 voluntatem
1123 585 1270 661 habuisse,
1293 585 1345 646 sed

326 674 390 730 vim
417 672 567 748 quandam
594 691 699 749 passus
727 692 791 732 esse
817 673 982 732 videretur:
1013 673 1090 734 fiunt
1115 676 1198 733 velut
1217 677 1345 750 ‘nuptiae

325 780 396 819 cum
417 762 604 837 turpitudine
632 764 714 821 omni
741 766 772 822 et
800 764 919 823 volente
942 762 1056 822 Iunone
1083 763 1164 824 solus
1186 765 1272 823 testis
1294 783 1344 822 ex·

327 851 394 909 titit
420 851 560 926 mundus,
588 851 789 926 nympharum
814 871 931 928 qnoque
954 853 1039 912 festis
1060 851 1225 911 eiulatibus
1249 856 1344 912 omnis

299 940 381 998 sille
403 940 485 999 locus
503 941 689 1016 personavit.
729 941 780 1000 iile
802 942 864 1000 dies
880 944 1000 1015 pmmus
1022 943 1070 1000 leti
1086 944 1261 1015 pmmusque
1282 961 1345 1001 mu·

326 1030 424 1086 lorum
454 1046 546 1088 consu
574 1030 641 1102 fmt.
687 1029 745 1088 dno
777 1033 948 1106 proposuit,
980 1049 1057 1106 quae
1087 1049 1124 1089 ex
1155 1049 1215 1088 una
1247 1037 1397 1090 causa-170

326 1117 501 1192 profluxisse
523 1118 710 1193 ridebantur,
733 1119 829 1177 letum
852 1122 883 1178 et
904 1121 999 1178 mala:
1031 1121 1134 1193 letum,
1154 1119 1229 1195 ‘quia
1252 1138 1283 1178 se
1306 1119 1344 1179 ob

327 1226 395 1265 eam
410 1209 538 1265 'cansam
556 1206 634 1266 Dido
657 1209 819 1283 interemit,
841 1208 931 1283 mala,
955 1208 1026 1284 qnia
1049 1227 1085 1267 ex
1107 1209 1187 1267 facto
1211 1211 1293 1284 turpi
1314 1211 1345 1269 ee

325 1295 484 1354 inhonesto
512 1295 662 1356 contraxit
689 1295 896 1356 detestabilem
923 1298 1035 1356 famam
1059 1316 1134 1372 qnae
1157 1299 1237 1356 inter
1258 1315 1343 1372 prae·

285 1404 313 1444 10
327 1385 431 1459 cipnas
459 1385 598 1444 mulieres
627 1387 776 1444 castitatis
807 1388 916 1445 merito
942 1388 1043 1461 potior
1071 1385 1232 1445 dicebatur.
1278 1404 1344 1445 ecce

326 1473 446 1533 Aeneae
472 1474 594 1532 fortuna
620 1476 652 1533 et
679 1475 872 1534 consiliorum
900 1476 996 1534 exitus
1025 1494 1101 1551 quae
1126 1475 1233 1534 habuit
1255 1475 1343 1534 Iuno:

327 1562 399 1619 dum
425 1562 491 1621 vult
518 1582 589 1622 snae
616 1563 755 1639 prodesse
783 1567 813 1622 et
837 1564 992 1623 commoda
1014 1564 1119 1623 fulcire
1143 1562 1344 1641 Carthaginis,

325 1652 450 1708 Aenean
464 1669 542 1711 uero
567 1652 605 1710 ab
626 1652 733 1711 Italiae
757 1652 894 1727 partibus
918 1671 1065 1729 separare,
1089 1655 1132 1712 sie
1149 1653 1263 1712 Didoni
1284 1672 1344 1712 non

325 1741 511 1816 coniugium,
539 1741 590 1800 sed
615 1742 756 1799 ultimum
775 1743 952 1818 procuravit
974 1741 1130 1800 interitum
1152 1761 1207 1800 nec
1229 1743 1344 1817 profuit

282 1849 310 1888 ra
327 1826 505 1907 Carthagini
523 1833 553 1888 et
572 1831 722 1889 aemuinm
741 1848 829 1888 suum
846 1833 947 1889 tenere
966 1850 1026 1889 non
1043 1831 1151 1906 potnit.
1190 1834 1224 1889 ut
1243 1833 1344 1890 autem

324 1916 484 1992 probemus
506 1918 563 1977 hac
586 1920 708 1978 dncmm
730 1919 897 1979 intentione
919 1919 1077 1992 Iunonem,
1101 1921 1137 1977 ut
1158 1919 1282 1978 Aenean
1305 1919 1344 1978 ad

324 2006 448 2065 Italiam
474 2008 568 2067 nollet
590 2008 758 2084 pervenire,
785 2007 968 2067 ostendimus
991 2008 1089 2084 ipsam
1111 2007 1256 2068 Iunonem
1278 2027 1342 2068 sese

324 2096 490 2170 professam
523 2116 557 2155 ex
590 2097 704 2156 dnobus
742 2098 871 2156 alterum
901 2097 1047 2172 voluisse,
1079 2098 1193 2157 scilicet
1223 2097 1342 2156 Aeneae

323 2186 420 2260 ipsius
452 2188 608 2245 interitum
636 2189 690 2245 aut
717 2188 780 2246 eius
809 2187 847 2246 ab
874 2186 966 2247 Italia
997 2187 1230 2264 separationem:
1267 2186 1343 2246 dixit

280 2294 310 2333 no
325 2274 407 2332 e'nim
424 2266 470 2355 (1,
485 2268 542 2357 38)
561 2293 633 2350 „nee
647 2294 737 2352 vposse
756 2275 847 2334 Italia
863 2276 1045 2336 Teucrorum
1063 2279 1196 2337 avertere
1214 2274 1342 2353 regem“.

324 2363 396 2438 quia
423 2364 518 2441 igitur
545 2365 628 2423 iuxta
654 2364 817 2439 perniciem
849 2366 956 2424 salutis
988 2367 1052 2425 eins
1080 2366 1156 2423 nihil
1183 2367 1342 2444 naufragia

323 2452 496 2528 valuerunt,
529 2454 607 2512 hunc
639 2453 677 2511 ab
704 2453 797 2513 Italia
827 2454 989 2529 praedictis
1021 2454 1175 2514 fraudibus
1207 2456 1341 2514 avertere

323 2541 485 2600 nitebatur.
523 2542 576 2600 ille
595 2542 657 2601 dies
676 2542 790 2617 primns
808 2544 863 2602 leti
885 2545 1058 2620 primusque
1081 2544 1230 2602 malorum
1253 2553 1342 2602 causa

322 2629 391 2689 fuit.
436 2648 528 2704 neque
555 2633 632 2689 enim
658 2634 750 2703 specu
777 2634 895 2706 famaue
921 2636 1067 2691 mouetur:
1098 2650 1166 2690 cum
1193 2632 1251 2690 duo
1274 2650 1342 2708 pro·

281 2735 309 2775 aa
323 2719 473 2793 posuisset
500 2722 603 2778 exorta
630 2739 665 2778 ex
692 2720 746 2779 illo
774 2721 868 2796 facto,
899 2739 1020 2781 causam
1042 2722 1148 2780 mortis
1172 2722 1203 2778 et
1224 2724 1341 2796 turpem

323 2806 444 2882 famam,
468 2810 677 2884 praetermisso
701 2809 755 2869 leti
778 2826 894 2887 genere,
920 2808 999 2885 quod
1020 2814 1127 2885 postea
1150 2812 1342 2868 consecutum

323 2898 378 2969 est,
402 2898 529 2956 secundo
553 2898 596 2955 sic
618 2898 785 2973 respondit:
808 2917 904 2975 neque
928 2900 1008 2958 enim
1027 2899 1124 2975 specie
1142 2900 1260 2958 famave
1279 2918 1341 2958 mo-

322 2987 411 3042 vetur
441 3004 494 3044 nec
524 2986 585 3044 ium
620 2988 764 3067 furtiuum
794 2988 876 3047 Dido
907 2989 1065 3047 meditatur
1101 3006 1245 3047 umorem:
1280 3006 1341 3046 non

323 3076 430 3149 specie,
448 3076 557 3150 inquit,
576 3076 752 3135 movebatur
770 3076 894 3136 admissi
914 3078 1047 3137 oriminis
1070 3095 1124 3136 nec
1147 3077 1229 3136 mala
1251 3077 1339 3135 fama.
1396 3147 1398 3151 Ι

278 3180 307 3219 ao
322 3165 489 3235 centaretum
503 3168 593 3232 uocet,
606 3165 659 3223 toc
666 3168 813 3238 praeterit
825 3168 943 3226 nemine
956 3167 1082 3241 mipace,
1100 3167 1156 3225 hoc
1175 3169 1221 3224 est
1238 3168 1341 3224 matri·

396 3372 412 3417 4
430 3368 615 3435 nympharum
629 3398 663 3408 -
678 3373 694 3422 5
715 3370 875 3437 peremmeit
896 3387 949 3425 om.
969 3371 1012 3425 ed.
1107 3376 1121 3423 ‘1
1142 3371 1342 3439 produxissem

320 3437 366 3490 ed.
384 3441 388 3502 Ι
404 3436 568 3491 uidebuntur
586 3455 639 3491 om.
654 3438 698 3492 ed.
771 3441 911 3495 Sennium
929 3442 972 3495 ed.
1046 3447 1079 3495 12
1098 3442 1203 3512 futpem
1221 3441 1273 3494 LR
1292 3440 1342 3496 edI

320 3509 422 3574 fulcire
440 3506 461 3559 r'
480 3509 569 3573 fouere
587 3509 652 3563 odF.
727 3515 761 3563 18
780 3512 818 3565 ad
836 3510 889 3563 LR
906 3514 942 3567 ab
960 3530 981 3565 r.
1061 3518 1094 3565 16
1113 3514 1291 3567 intentionem
1309 3513 1339 3565 L.

381 3583 411 3630 17
435 3595 489 3632 esee
507 3578 560 3631 La
577 3579 621 3633 ed.
643 3596 698 3634 sese
720 3593 784 3647 noe3
812 3582 848 3636 of.
869 3587 920 3635 176
944 3585 973 3637 et
995 3589 1021 3649 ὁ,
1035 3589 1096 3638 837.
1188 3588 1221 3637 18
1239 3584 1342 3638 scilicet

320 3649 376 3702 LR
398 3665 433 3703 ec.
454 3655 503 3703 aut
526 3649 569 3702 ed.
678 3656 712 3705 25
738 3659 771 3707 ut
793 3660 901 3723 turpem
922 3647 976 3707 LR
999 3655 1048 3709 cdl
1074 3662 1100 3709 et
1122 3660 1141 3709 t.
1164 3672 1179 3707 r
1202 3654 1268 3709 edF.

319 3725 497 3843 aodspeutum
516 3720 590 3844 ed.d
667 3727 700 3776 27
721 3726 864 3793 respondet
882 3726 925 3779 ed.
1031 3732 1065 3780 30
1084 3727 1271 3781 oenotrimom'i
1289 3723 1341 3778 LR

320 3809 337 3846 o
378 3807 412 3844 e.
432 3808 446 3842 1·
465 3809 482 3843 a
500 3808 534 3845 m.
555 3808 599 3846 e.
646 3806 647 3810 ’
