3250 4350
374 412 437 476 188
652 411 793 466 DONATI
809 410 979 466 INTERPIt
997 410 1105 467 Vnae.

372 581 488 639 Aeneas
514 586 615 656 posset
640 581 672 639 in
700 599 736 640 ea
763 599 855 639 causa
872 582 914 638 in
943 599 1004 656 qua
1026 579 1069 639 dii
1089 580 1152 656 ipsi
1173 599 1229 640 nec
1251 581 1315 653 suis
1336 599 1381 638 nec

373 669 431 736 sibi
453 669 554 729 adesse
576 667 759 745 potuerunt?
804 688 911 728 verum
933 672 1005 745 quia
1027 687 1179 729 saerormn
1201 671 1240 728 et
1268 669 1380 728 deorum

373 758 476 818 debuit
493 761 658 834 expressius
677 758 833 818 ostendere
850 758 1006 833 rationem,
1020 777 1039 816 a
1053 759 1251 836 generalitate
1269 758 1381 829 transiit

367 848 412 906 ad
434 850 562 923 speciem
585 847 686 907 dicens
708 851 751 907 stc
774 850 818 906 ait
839 852 866 906 et
886 849 1025 906 monibus
1041 850 1130 906 vittae
1150 848 1381 922 Varamooepe

372 941 475 997 enam
496 941 701 1010 aeternumque
724 937 822 1010 adytis
845 937 933 1009 ecfert
944 937 1145 1010 penetralibus
1161 939 1268 1010 anem.
1285 1006 1288 1011 ,
1307 953 1405 1003 sacrae

372 1025 448 1084 dixit
476 1045 552 1102 quae
581 1026 619 1084 ad
647 1027 900 1084 consecrationem
926 1025 1129 1100 pertinebant,
1157 1025 1252 1085 vittas
1277 1026 1382 1086 seilicet

372 1119 403 1174 et
426 1117 579 1174 aeternum
601 1117 714 1192 ignem,
743 1114 813 1174 deos
835 1113 913 1172 dixit
934 1116 1053 1190 penatis
1081 1117 1112 1172 et
1134 1113 1261 1173 Vestam
1285 1118 1381 1190 ipsam.

371 1204 425 1264 hos
450 1222 522 1280 cape
544 1205 676 1263 fatorum
699 1205 835 1263 comites:
859 1205 912 1279 qui
934 1202 1160 1262 commendatur
1182 1203 1314 1262 alicuius
1331 1222 1381 1262 me

371 1293 425 1352 riti
453 1293 541 1351 debet
564 1293 695 1366 ostendi,
723 1295 759 1352 ut
780 1292 844 1368 ipse
868 1311 986 1367 quoque
1008 1295 1192 1352 monstretur
1214 1293 1381 1368 profuturus

373 1384 402 1440 ei
424 1385 507 1441 curius
531 1383 674 1440 auxilium
699 1383 832 1441 senserit.
878 1381 989 1440 ideirco
1012 1381 1056 1439 ait
1078 1381 1133 1441 hos
1155 1400 1230 1457 cape
1258 1382 1407 1441 saturano

371 1471 507 1544 comites,
538 1471 734 1544 adiuvabant,
766 1470 879 1545 inquit,
910 1470 975 1528 fata
1001 1472 1068 1545 tua,
1096 1489 1162 1530 cum
1190 1471 1237 1529 tui
1266 1472 1381 1534 comites

371 1560 492 1618 fuerint.
537 1559 584 1618 his
610 1559 729 1618 moenia
756 1578 867 1635 quaere
893 1578 1016 1637 magnae
1048 1561 1151 1638 magni
1173 1561 1259 1634 sunt,
1283 1561 1381 1636 inquit,

371 1668 514 1725 magnum
536 1647 624 1708 debes
647 1667 753 1724 parare
776 1648 856 1724 quod
878 1652 992 1725 regant.
1029 1649 1085 1708 hoc
1108 1667 1175 1706 cum
1199 1648 1286 1723 dicit,
1309 1667 1380 1724 apem

371 1739 532 1795 maximam
555 1738 652 1796 futuri
673 1739 817 1813 temporis
840 1738 1012 1812 pollicetur,
1035 1739 1070 1796 ut
1092 1737 1279 1797 calamitatis
1307 1756 1381 1815 prae

371 1829 464 1886 sentis
491 1826 711 1886 incommodum
738 1829 882 1884 venturae
909 1827 1120 1901 prosperitatis
1150 1826 1291 1886 utilitate
1320 1840 1407 1903 pen-e

372 1919 462 1974 setun.
499 1916 555 1989 his,
574 1917 627 1989 ait,
646 1918 759 1974 statues
782 1916 901 1973 moenia
918 1915 974 1974 hoe
993 1918 1038 1974 est
1056 1914 1200 1989 perficies.
1235 1918 1380 1991 pererrato

372 2008 477 2081 ponto:
501 2007 536 2062 ut
559 2004 727 2063 ostenderet
750 2022 822 2062 vera
844 2023 875 2063 se
897 2003 1057 2077 insinuare,
1076 2002 1228 2078 praedixit
1243 2022 1381 2080 prospera

373 2097 403 2162 et
425 2096 462 2151 iis
487 2094 637 2152 laboriosa
661 2093 822 2151 coniunxit.
1065 2111 1067 2113 ’

438 2184 563 2241 Diverso
586 2185 696 2242 intereo
718 2185 876 2241 acueretur·
898 2185 1013 2241 moenia
1036 2183 1114 2241 lucto
1137 2186 1163 2241 ct
1185 2186 1284 2256 mog-is
1307 2189 1381 2256 etque

319 2276 371 2325 300
380 2275 488 2344 caepis,
517 2291 694 2345 quamquam
721 2276 830 2331 acereta
847 2275 983 2344 por-enas
1005 2271 1154 2330 Anchisae
1177 2272 1284 2330 domus
1308 2273 1407 2330 areo-s

371 2363 508 2434 cibosque
540 2364 647 2419 obtecto
679 2364 806 2427 recessit,
845 2363 1006 2419 clarescunt
1036 2364 1148 2418 sonitus
1183 2378 1379 2433 armorumque

370 2452 482 2522 ‘ingruit
503 2452 621 2508 horror:
653 2450 810 2525 conpletiS,
834 2451 946 2523 inquit,
974 2450 1227 2508 admonitionibus
1252 2449 1378 2509 Hectoris

370 2541 518 2598 malorum
556 2539 689 2597 omnium
720 2539 765 2597 vis
798 2539 922 2597 diversis
954 2538 1111 2613 generibus
1144 2539 1303 2597 cumulata
1335 2543 1377 2596 est.

371 2629 589 2686 nuntiabantur
620 2630 731 2703 quippe
764 2628 867 2686 caedes
901 2630 932 2685 et
962 2628 1061 2686 luctus
1088 2628 1207 2704 fragore
1239 2646 1374 2686 armorum

372 2720 401 2775 et
428 2718 671 2775 lamentabilibus
699 2716 835 2789 vocibus,
862 2716 1000 2774 incendia
1027 2735 1097 2775 vero
1126 2716 1268 2793 ingruere
1297 2714 1400 2793 signis

371 2806 501 2864 ficabant
520 2808 691 2882 ingruentes
711 2808 819 2877 aestua,
835 2824 962 2879 quorum
980 2808 1042 2862 iam
1060 2805 1204 2880 pulsabar
1223 2805 1371 2864 ardoribus.

372 2914 450 2951 nunc
472 2895 547 2952 illud
572 2896 677 2953 saltem
700 2895 824 2968 profuit,
844 2894 922 2968 quod
948 2893 1051 2952 domus
1074 2896 1171 2968 patris
1191 2897 1252 2952 mei
1269 2892 1371 2968 longius

372 2984 470 3040 fuerat
493 2984 637 3041 submota.
685 2986 811 3042 excutior
834 3000 949 3040 somno:
981 3002 1041 3041 non
1064 2982 1141 3040 dixit
1163 2983 1368 3060 expergefactus

372 3090 449 3145 sum3
485 3073 541 3130 hoc
569 3075 647 3130 euim
677 3075 729 3130 aut
758 3092 792 3130 ex
821 3073 960 3129 satietate
984 3073 1081 3130 somni
1103 3072 1254 3147 contingit
1275 3073 1323 3129 aut
1340 3066 1366 3121 de
1412 3133 1414 3140 ,

371 3163 592 3235 tranquillitate
617 3164 710 3220 animi
733 3180 767 3219 ac
791 3163 950 3219 securitate
968 3163 1077 3218 mentis
1095 3164 1198 3235 potest
1215 3157 1387 3236 proveniret»
1410 3213 1418 3233 Ι,

443 3368 618 3420 accensita
638 3366 911 3428 -iitllmen.=lt,
968 3365 1126 3431 tetfertlt
1144 3360 1349 3432 ecfert1=lg
1410 3387 1412 3390 ·

372 3439 469 3492 'ldcoc
487 3438 539 3490 LR
558 3439 606 3490 cdl
625 3439 674 3491 deo
694 3437 764 3490 edFI
783 3438 844 3491 ideo
863 3437 906 3489 ed.
926 3440 999 3505 post.
1055 3441 1156 3505 Scope
1170 3437 1221 3490 LR
1237 3437 1356 3502 acepa-
1405 3472 1416 3506 -.

425 3516 457 3562 13
477 3511 548 3578 quod
566 3516 663 3580 repom
681 3508 792 3562 omed.
882 3515 914 3561 18
934 3508 1070 3562 iislrtis
1088 3507 1114 3560 R
1133 3508 1176 3561 ed.
1262 3512 1356 3559 ticam·
1402 3560 1417 3574 Ι,

366 3582 457 3648 plexis
476 3582 533 3633 edF
554 3585 587 3634 ut
606 3587 665 3633 640.
772 3585 806 3632 24
825 3581 1031 3634 reputabantur
1049 3579 1074 3631 It
1096 3596 1166 3633 corr.
1187 3599 1248 3633 r=
1261 3578 1288 3630 L.
1311 3574 1316 3642 Ι
1339 3571 1355 3617 ‘f
1412 3589 1417 3594 ·

370 3653 459 3705 tuctus
477 3652 529 3704 LR
548 3670 581 3706 ccc
598 3654 693 3706 edocto
712 3651 755 3703 ed.
774 3656 776 3716 l
792 3652 890 3720 frcrpor
907 3650 960 3703 th
977 3652 1088 3721 fragore
1107 3667 1176 3704 corr.
1192 3651 1235 3703 ed.
1301 3647 1326 3697 tl
1338 3640 1354 3688 et

370 3723 589 3777 larrrcectotilibas
604 3723 656 3776 LR
674 3740 735 3776 cum
751 3724 767 3774 l.
782 3740 802 3774 r.
861 3727 893 3774 27
913 3739 987 3776 auno
1001 3722 1053 3775 LR
1067 3739 1116 3776 nec
1133 3741 1148 3776 1
1166 3722 1281 3777 fortasse
1293 3718 1353 3770 rocta

424 3799 457 3845 28
475 3796 568 3860 fuerat
587 3794 680 3847 omit
699 3792 889 3847 add.r‘=L.
