3250 4350
542 476 545 482 ·
660 452 844 509 AENEIDOS
862 453 889 504 V
1221 454 1289 521 483

270 625 339 679 erat
369 620 535 696 pulchrius,
567 614 630 682 ales
661 623 758 697 ipsam
795 624 940 700 sagittam
965 622 1126 682 revocavit.
1177 627 1289 685 amasa

269 711 352 768 scias
364 710 470 783 palma
488 713 648 783 espectet
664 709 789 780 Acestes,
807 714 859 785 qai
877 716 974 771 wmea
991 714 1090 771 aerim
1107 712 1195 771 ieium
1213 731 1279 772 eoa·
1289 720 1342 769 520

269 800 364 858 tendit
391 801 425 857 ia
449 816 542 858 caras
570 804 716 859 ostmtons
741 805 834 860 anem
852 803 970 875 pariter
998 818 1155 875 arciimqac
1180 819 1288 861 senaa·

269 893 344 946 tera:
372 887 550 947 novissimus
573 889 696 949 Acestes
718 889 750 947 in
773 890 861 968 galea
883 888 1070 962 subsederat,
1097 908 1164 949 ecce
1187 893 1218 949 et
1239 890 1288 950 hic

238 990 251 1031 s
268 976 403 1051 perdidit
417 979 601 1036 occasionem
614 978 767 1053 mittendi3
791 979 871 1054 quod
890 979 968 1037 enim
983 979 1133 1054 expectari
1146 982 1287 1055 potuerat

267 1084 365 1142 usque
388 1065 427 1124 ad
449 1068 570 1125 tertiam
598 1069 707 1126 sortem
734 1067 824 1126 finem
851 1068 986 1144 sumpsit.
1032 1067 1102 1126 licet
1123 1068 1219 1145 igitur
1241 1087 1287 1128 so-

267 1154 367 1212 lutum
392 1157 469 1214 esset
486 1156 563 1214 illud
581 1158 738 1231 certamen,
761 1158 864 1216 tamen
882 1156 980 1216 voluit
997 1158 1087 1215 etiam
1106 1158 1171 1232 ipse
1190 1161 1288 1217 ostan-

266 1242 396 1302 tationis
410 1262 499 1303 causa
513 1247 545 1302 in
559 1263 686 1303 vacuum
700 1247 844 1322 sagittam
858 1245 1016 1319 destinare,
1034 1248 1069 1305 ut
1082 1245 1286 1321 spectantibus

266 1331 488 1392 demonstraret
510 1336 540 1392 et
561 1352 648 1409 posse
671 1353 702 1393 se
725 1334 841 1409 aliquid
863 1334 896 1392 iu
924 1354 959 1394 ea
986 1337 1051 1393 arte
1078 1337 1122 1408 et,
1150 1336 1176 1394 si
1203 1335 1286 1393 locus

212 1435 249 1476 ιο
267 1422 427 1495 extitisset,
441 1421 557 1498 aliquid
570 1423 684 1499 inplere
703 1423 843 1499 potuisse.
877 1425 924 1483 hic
941 1423 1032 1483 ocche
1049 1424 1144 1482 subito
1163 1424 1287 1484 obicitur

263 1528 431 1585 mapaoqac
457 1513 593 1584 fulcrum
620 1515 746 1588 cupario
774 1517 953 1583 monstram
978 1513 1076 1572 docuit
1096 1517 1166 1585 post
1192 1515 1285 1572 coitis

262 1602 372 1673 inpetis
389 1617 511 1673 seroque
528 1603 649 1673 terrifici
667 1604 831 1661 ceccaum
848 1604 948 1661 mnino
961 1605 1057 1660 vata:
1080 1619 1147 1660 eum
1161 1601 1283 1661 Acestes

262 1690 412 1765 sagittam
434 1690 560 1764 iecisset,
584 1689 684 1750 subito
707 1689 800 1749 oculis
819 1691 952 1749 omniurn
974 1708 1117 1767 magnum
1135 1690 1283 1750 obiectum

263 1782 315 1835 est
338 1780 517 1852 monstrum,
542 1778 620 1854 quod
643 1778 845 1855 praevidendo
872 1797 926 1838 uec
948 1778 1085 1856 intellegi
1107 1781 1208 1854 potuit
1230 1799 1284 1839 nec

212 1882 242 1923 rs
263 1866 372 1942 aliqua
394 1867 641 1942 interpretatione
664 1868 800 1942 dissolvi,
823 1866 964 1943 probarit
985 1870 1086 1926 tamen
1108 1867 1164 1926 boc
1187 1869 1284 1929 exitus

261 1974 367 2014 rerum
399 1957 430 2014 et
461 1958 564 2015 vatum
598 1956 686 2015 tarda
715 1974 860 2032 respousa
891 1956 1063 2015 docuerunt.
1118 1955 1167 2015 bic
1198 1960 1282 2017 vates

260 2044 537 2121 reprehenduntur,
561 2045 640 2121 quod
663 2064 717 2104 nec
739 2046 913 2123 intellegere
935 2046 1100 2122 potueruut
1121 2063 1176 2103 uec
1200 2063 1282 2104 aver-

261 2136 339 2209 tere,
361 2151 456 2210 usque
479 2134 553 2194 adeo
572 2136 607 2193 ut
629 2135 719 2194 etiarn
741 2134 823 2212 ipsos
842 2134 916 2211 quid
933 2133 1011 2194 illud
1030 2135 1107 2194 esset
1126 2151 1211 2194 casus
1231 2135 1282 2211 qui

263 2226 441 2282 consecutus
465 2225 511 2282 est
533 2223 689 2283 docuisset.
725 2243 852 2298 nomae
870 2225 973 2283 voians
991 2223 1112 2297 liquidis
1133 2224 1167 2282 ia
1189 2224 1335 2283 actitat

212 2329 244 2369 ao
263 2314 321 2371 bus
344 2315 419 2371 arsit
439 2313 591 2371 torrendo:
618 2331 684 2372 ecce
711 2314 789 2372 unde
812 2316 978 2372 monstrum
1006 2316 1036 2371 et
1059 2312 1229 2371 mirandum
1252 2318 1283 2373 et

263 2420 371 2479 grave3
393 2421 464 2460 nam
486 2402 591 2461 volans
613 2400 749 2460 harundo
773 2402 848 2461 arsit
866 2402 945 2461 iuter
966 2400 1096 2477 liquidas
1115 2400 1208 2460 nubes
1225 2401 1281 2460 boc

265 2493 313 2547 est
339 2490 478 2564 mundas,
509 2509 575 2549 curn
608 2509 703 2565 neque
731 2490 852 2568 augura
880 2493 1015 2549 extarent
1042 2492 1073 2549 et
1101 2491 1177 2548 aeris
1205 2494 1283 2549 esset

264 2578 351 2636 nulla
372 2579 513 2637 turbatio.
559 2581 741 2652 sipaacitqce
754 2582 835 2638 ciam
853 2581 981 2653 fiammis
1000 2580 1149 2650 tenuisque
1166 2581 1282 2638 recessit

264 2672 435 2740 coempto
457 2671 491 2727 ia
513 2672 625 2726 centos:
648 2667 719 2726 dum
737 2667 839 2742 cunit,
862 2667 1023 2745 vestigium
1040 2668 1133 2724 traxit
1151 2667 1281 2726 incendii

218 2770 246 2810 se
263 2758 296 2815 et
327 2757 477 2831 paulatim
509 2757 694 2816 vanescendo
722 2759 898 2831 consumpta
927 2758 973 2814 est
1004 2755 1137 2829 flamma,
1167 2756 1282 2815 scilicet

262 2846 378 2921 sagitta
402 2864 520 2921 quoque
543 2847 603 2904 iam
628 2847 803 2920 consumpta
827 2864 920 2920 quam
941 2847 1087 2903 tenuerat.
1132 2845 1211 2903 caelo
1229 2863 1282 2904 cca

261 2951 350 3006 saepe
371 2936 466 3006 refice
485 2937 694 2994 transactum
710 2937 875 3006 uiamque
892 2934 1023 3006 volantia
1039 2933 1138 2991 sidero
1156 2934 1281 2993 ducant:

261 3023 305 3081 sio
330 3024 443 3099 sagitta
465 3024 586 3100 igneam
609 3024 691 3081 viam
720 3022 833 3082 faciens
866 3022 995 3080 cucurrit
1025 3023 1055 3079 et
1084 3023 1189 3097 postea
1220 3041 1279 3082 uon

336 3197 351 3243 2
371 3191 510 3246 emuniit
523 3192 576 3244 ΕΒ,
593 3193 723 3247 emmae
737 3191 780 3245 ed
836 3196 852 3243 3
871 3197 956 3245 artem
971 3189 1117 3258 partierit
1130 3207 1155 3243 a
1164 3190 1279 3258 puierL

261 3269 367 3330 artcmq
366 3280 400 3317 ue
410 3269 492 3331 pater
506 3263 577 3343 edFI
592 3263 635 3316 ed.
649 3265 722 3331 post.
733 3261 810 3315 -a
868 3266 882 3314 7
902 3267 992 3315 tamen
1006 3277 1058 3314 om
1070 3260 1114 3313 ed.
1169 3268 1185 3313 o
1202 3277 1280 3329 posce

261 3332 316 3386 LR
335 3333 378 3387 ed
395 3350 424 3402 p.
439 3351 467 3388 se
484 3327 536 3388 no's
555 3333 600 3403 (cf.
612 3337 683 3402 467)
700 3337 753 3400 lea
772 3348 826 3388 om
836 3333 880 3386 ed
941 3336 974 3385 10
990 3332 1121 3399 potuisset
1141 3331 1192 3384 bii
1210 3348 1278 3386 corr

261 3405 306 3459 ed.
320 3407 394 3473 post.
479 3411 511 3459 12
530 3404 674 3460 munuli.
757 3409 789 3458 17
809 3411 928 3458 aarum
945 3402 967 3455 L
985 3403 1122 3458 adrem
1139 3402 1165 3455 a
1183 3402 1226 3457 ed

261 3482 297 3530 24
315 3493 378 3530 cum
396 3477 483 3530 currit
501 3476 555 3529 LR
573 3477 679 3531 dume
698 3491 749 3529 nos
784 3491 853 3528 mua
870 3475 993 3529 aomar
1010 3472 1052 3527 ed
1146 3478 1180 3526 25
1198 3476 1277 3529 eoni-

259 3547 361 3602 accedo
380 3546 409 3599 L.
431 3549 436 3616 Ι
456 3554 494 3602 est
512 3547 538 3600 a
555 3554 621 3602 essct
639 3546 661 3600 L
678 3547 736 3614 scit
753 3491 796 3599 ed.
818 3548 823 3615 1
842 3546 944 3600 maaet
960 3550 986 3599 et
1003 3543 1055 3598 LR
1073 3543 1116 3598 ed
1136 3550 1161 3598 et
1178 3543 1277 3599 delevi

316 3622 350 3670 26
375 3619 507 3686 quostiam
529 3617 583 3671 La
605 3618 648 3672 ed
672 3633 777 3686 quoque
799 3634 857 3671 mm
879 3632 938 3670 uos.
972 3618 977 3685 1
1010 3620 1169 3684 eusampio
1196 3633 1278 3685 quam

259 3689 379 3743 tenum
401 3687 423 3741 Is
448 3706 470 3744 c
490 3708 513 3760 q.
533 3690 671 3744 tenuerim
693 3687 718 3740 R
745 3704 766 3741 c
786 3705 810 3756 q.
831 3693 955 3741 tenuerat
982 3703 1032 3741 nos
1060 3685 1277 3770 interpolatione

259 3759 324 3814 loco
344 3763 476 3847 corrupto
495 3759 635 3814 medelam
653 3758 795 3829 quaesivit
813 3757 893 3813 eds
877 3776 946 3829 q·-
961 3773 1069 3830 quaere
1083 3757 1228 3825 'inrum
1238 3756 1292 3808 ab·

255 3829 415 3896 scripsit'
387 3848 418 3882 r,

1040 3919 1098 3977 b?
