3250 4350
327 418 469 474 XXXVIII
730 418 938 474 PRAEFATIO

324 607 395 648 usus
424 589 552 663 duobus,
580 592 615 647 ut
640 588 684 648 ait
706 589 771 664 ipse
795 588 834 648 ad
861 591 891 663 4,
911 590 990 663 385,
1019 609 1053 648 ex
1080 589 1188 666 quibus
1216 590 1345 650 alterum

324 677 500 752 Politianus,
523 681 671 753 utsupra
692 678 932 754 memoravimus,
955 678 1182 757 „grandr'oribus
1205 681 1344 740 notatum

323 767 450 826 actutu
476 765 716 826 characteribus“
737 767 839 825 tradit.
881 769 956 826 haec
978 769 1109 842 epitome
1131 769 1163 825 in
1186 771 1345 843 sequentes

324 855 468 914 editiones
491 857 644 933 migravit,
666 857 798 932 primum
821 858 853 914 in
876 856 1051 915 VenetIcam
1077 857 1176 930 1489,
1205 856 1346 934 deinceps

323 945 355 1002 in
384 944 473 1020 alias,
502 963 576 1020 quas
605 946 792 1004 enumeratas
814 945 951 1004 invenias
973 947 1005 1003 in
1029 947 1151 1005 elencho
1173 944 1345 1022 Heyniano,

324 1033 360 1091 cf.
384 1053 411 1092 v.
431 1033 458 1091 d.
477 1033 600 1093 Hoeven
623 1054 652 1110 p.
673 1037 713 1093 21
730 1052 795 1109 sqq.
822 1066 859 1074 -
885 1033 971 1092 Pleni
999 1034 1113 1093 Donati
1140 1034 1233 1093 editio
1260 1037 1342 1111 prin-

323 1140 391 1198 ceps
419 1125 564 1198 impressa
592 1126 637 1181 est
659 1122 789 1199 Neapoli
815 1123 872 1183 hoc
899 1124 1004 1182 titulo:
1037 1123 1168 1200 „Donati
1194 1125 1227 1181 in
1249 1123 1346 1185 libros

323 1211 478 1271 duodecim
515 1211 663 1272 Aeneidos
701 1230 777 1286 quae
814 1215 904 1271 antea
940 1211 1166 1272 desiderabatur
1202 1211 1343 1273 absoluta

321 1300 558 1376 interpretati0“.
605 1304 674 1377 post
700 1302 809 1359 ultima
836 1301 927 1360 verba
955 1304 1004 1378 „in
1031 1301 1105 1361 hac“
1132 1300 1270 1360 additum
1296 1306 1346 1360 est.

322 1389 509 1464 „huiusmodi
536 1390 605 1449 finis
634 1393 717 1448 extat
739 1391 772 1448 in
795 1391 966 1467 archetypo.
1011 1393 1190 1467 impressum
1211 1390 1344 1466 Neapoli

322 1498 377 1554 per
394 1479 537 1538 Ioannem
557 1479 767 1539 Sulzbaahium
786 1482 817 1538 et
834 1479 996 1538 Mattbiam
1016 1478 1129 1539 Oancer
1146 1482 1256 1554 quarto
1273 1478 1345 1538 idus

322 1566 505 1628 Novembres
538 1588 617 1628 anno
650 1567 763 1627 domini
793 1567 997 1627 MDxxxv‘fi
1046 1570 1243 1646 praefationis
1275 1569 1346 1627 loco

323 1655 399 1715 duae
423 1657 568 1733 epistolae
591 1657 772 1733 praemissae
796 1661 876 1733 sunt,
895 1658 985 1716 Pauli
1007 1657 1107 1717 Flavii
1129 1657 1168 1717 ad
1190 1657 1345 1717 Aloisium.

323 1746 359 1803 de
383 1746 503 1821 Toledo,
528 1745 675 1821 Scipionis
700 1745 825 1822 Gapycii
848 1747 886 1804 ad
910 1738 1154 1827 Garcilassum.¹)
1199 1748 1226 1806 is
1251 1747 1346 1820 enim,

321 1835 455 1894 Aloisius
479 1835 515 1893 de
535 1835 647 1894 Toledo
666 1835 728 1894 sive
749 1833 942 1909 Garcilassus‚
961 1836 1065 1895 vicarii
1085 1836 1236 1911 quondam
1254 1837 1340 1912 regni

321 1923 516 1999 Neapolitani
538 1923 628 1997 filius,
651 1922 822 1984 adolescens
844 1925 1016 1983 litterarum
1040 1925 1199 1999 studiosus,
1222 1927 1257 1982 ut
1279 1924 1344 1985 Do-

323 2012 387 2069 nati
415 2013 621 2072 commentarii
649 2012 807 2072 ederentur
832 2013 961 2088 petierat
988 2033 1007 2072 a
1034 2013 1171 2090 Scipione
1200 2011 1345 2089 capyeio„

323 2102 425 2175 „cuius
448 2102 479 2158 in
502 2121 608 2162 manus
632 2121 667 2158 ex
685 2103 817 2161 Pontani
838 2101 1019 2162 bibliotheca
1043 2100 1250 2162 devenerant“.
1287 2101 1344 2161 sed

322 2188 483 2266 Capycius‚
511 2210 597 2267 „curn
622 2196 698 2251 esset
720 2193 752 2250 in
775 2192 839 2251 iure
863 2192 945 2252 civili
968 2192 1193 2269 interpretando
1215 2209 1339 2269 magno

321 2297 391 2354 pere
423 2283 597 2355 occupatus,
633 2282 710 2339 hauc
741 2282 928 2356 provinciam
959 2280 1054 2340 Paulo
1086 2281 1192 2340 Flavio
1229 2280 1342 2339 dedit‘.

321 2367 427 2427 Flavio
454 2369 548 2447 igitur
575 2373 698 2429 curante
726 2370 901 2444 ‚‚volumen“
930 2389 948 2428 a
975 2369 1106 2447 Oapycio
1133 2370 1162 2429 ei
1192 2369 1342 2429 nuditum

320 2458 499 2533 impressum
519 2464 565 2517 est
583 2461 614 2517 et
632 2459 734 2533 „brevi
753 2458 891 2519 absoluta
909 2458 1066 2535 Impressio
1085 2477 1173 2534 opere
1191 2459 1224 2516 in
1241 2460 1342 2517 multa

321 2545 475 2606 volumina
507 2546 661 2624 escript0“.
714 2548 924 2624 interpretatio
957 2547 1070 2607 Donati
1102 2548 1134 2605 in
1167 2547 1222 2605 illo
1253 2548 1340 2607 volu·

320 2636 410 2709 mine,
428 2640 463 2695 ut
485 2638 530 2695 ait
546 2636 679 2711 Flavius,
702 2636 839 2715 „integra
861 2636 984 2696 extabat
1007 2639 1038 2695 et
1061 2634 1225 2695 absoluta“.
1264 2636 1343 2696 haec

321 2744 356 2782 ex
380 2724 513 2801 epistolis
531 2725 759 2785 transcribenda
776 2728 892 2803 putavi,
910 2729 945 2783 ut
963 2726 1093 2785 codicem
1112 2744 1147 2784 ex
1165 2744 1225 2800 quo
1244 2725 1344 2785 editio

320 2813 459 2891 princeps
486 2815 621 2874 confecta
650 2817 695 2873 est
721 2815 984 2890 interpretationes
1013 2818 1135 2873 cunctas
1162 2833 1221 2872 uno
1254 2815 1340 2873 volu·

319 2903 399 2961 mine
428 2904 608 2963 continuisse
636 2906 770 2979 pateret.¹
808 2922 868 2963 nou
898 2906 998 2979 potest
1026 2922 1096 2981 ergo
1124 2905 1178 2961 aut
1203 2902 1340 2962 Lauren-

319 2991 420 3050 tianus
439 2995 493 3050 aut
506 2992 673 3051 Vaticanus
695 2993 795 3067 fuisse,
816 2992 867 3067 qui
890 2994 1044 3067 praeterea
1066 2995 1131 3051 turn
1148 2989 1342 3052 hauddubie

320 3080 449 3156 Neapoli
471 3100 531 3140 non
553 3083 683 3141 fuerunt.
724 3081 816 3157 idque
839 3081 1002 3140 innumeris
1026 3081 1164 3140 editionis
1188 3080 1343 3141 erroribus

320 3169 513 3228 confirmatur
541 3190 667 3247 quorum
689 3171 721 3228 in
744 3170 768 3228 L
792 3170 840 3228 vel
862 3169 891 3227 V
914 3170 998 3228 nulla
1021 3172 1136 3229 occasio
1159 3172 1217 3244 est,
1244 3170 1341 3245 velut,

320 3276 387 3315 cum
413 3260 520 3331 1,135
544 3260 576 3317 in
595 3258 619 3317 L
644 3259 692 3335 „id
716 3258 779 3319 est“
801 3259 889 3336 plene
913 3259 1056 3334 scriptum
1080 3260 1129 3334 sit,
1150 3259 1183 3317 in
1206 3258 1342 3319 editione

320 3346 396 3405 falso
420 3346 535 3422 „idem“
559 3351 589 3406 et
615 3367 701 3408 versa
727 3349 792 3408 vice
820 3351 852 3407 in
874 3348 903 3406 V
927 3346 1050 3422 „idem“‚
1077 3348 1108 3405 in
1132 3346 1264 3407 adltione
1288 3348 1340 3422 „id

320 3432 383 3493 est“
415 3439 442 3512 7,
463 3436 536 3511 691,
565 3441 690 3513 apparet
719 3440 750 3496 in
783 3438 846 3497 eius
879 3436 1042 3513 archetypo
1074 3436 1158 3514 „ide‘
1190 3437 1338 3513 scriptum

392 3590 417 3654 1)
437 3587 514 3657 quod
527 3587 654 3657 Heynius
673 3592 811 3644 memorat
830 3588 995 3657 „utriusque
1013 3589 1204 3657 praefationes
1223 3588 1254 3641 in
1267 3588 1339 3642 Leo-

318 3658 401 3712 uardi
420 3658 569 3714 Nicodemi
592 3660 741 3715 additione
765 3660 823 3715 alla
846 3659 1001 3715 biblioteca
1019 3659 1199 3730 Napoletana
1218 3660 1280 3729 (sic)
1299 3659 1341 3712 da

307 3728 431 3781 M'eolao
452 3729 564 3800 Toppr’“
581 3734 690 3799 extare,
716 3731 745 3786 iu
765 3730 941 3787 bibliotheca
958 3731 1121 3786 Monacensi
1144 3736 1213 3785 eum'
1231 3729 1340 3785 librum

287 3797 424 3859 reppen':
441 3802 515 3854 sunt
529 3799 623 3873 plane
642 3804 766 3862 eaedem
786 3805 941 3878 epistolae,
957 3803 1035 3858 nibil
1049 3802 1183 3871 amplius.
