3250 4350
530 470 534 477 .
650 418 832 474 AENEfflOS
851 419 891 474 IV
1216 419 1284 484 383

264 592 307 647 ut
329 591 369 648 sit
394 589 485 648 torsit
511 589 612 648 oeulos
641 587 680 648 ad
706 589 825 648 moenia
852 593 887 647 et
910 588 949 646 ad
977 606 1027 646 eos
1055 590 1108 663 qui
1130 589 1284 648 amoribus

263 681 409 737 vacarent
444 679 563 737 reiectis
599 677 736 753 partibus
774 678 941 738 honestatis
978 677 1012 736 et·
1044 677 1192 736 commodi
1228 679 1282 737 sui.

264 785 414 842 nusquam
441 766 483 826 sie
510 766 590 832 vitia
614 769 723 827 amoris
750 785 889 843 expressa
910 769 981 826 sunt
1002 768 1038 824 ut
1058 768 1091 825 in
1114 767 1171 826 hoc
1193 767 1283 841 libr03

264 855 320 913 ubi
342 857 421 914 enim
445 874 528 914 amor
549 856 757 930 intervenerit,
784 856 862 914 nihil
876 859 1003 931 praeter
1025 855 1181 914 libidinem
1204 856 1283 932 eogi-

223 970 248 1009 >5
264 948 363 1017 tatur,
386 964 447 1003 non
469 945 544 1003 utile
568 945 684 1020 aliquid
707 947 875 1020 quaeritur,
898 944 1093 1004 commoditas
1115 945 1215 1019 nulla,-
1231 945 1283 1004 ho·

264 1037 369 1092 nestas
394 1033 479 1091 nulla
504 1036 666 1111 tractatur,
694 1034 776 1093 subit
802 1035 998 1112 neglegentia
1021 1034 1153 1092 omnium
1175 1053 1283 1107 rerum,

263 1124 390 1199 negotia
402 1122 595 1196 differimur,
613 1122 705 1181 sicin
724 1123 907 1182 oblivionem
923 1124 1050 1183 veniunt
1068 1124 1177 1198 omnia,
1196 1125 1283 1198 quasi

263 1211 473 1270 universorum
500 1212 706 1271 commoditas
722 1215 842 1272 echium
864 1215 898 1270 in
920 1212 990 1272 solo.
1007 1230 1107 1271 amore
1131 1215 1282 1272 consistat

264 1307 329 1360 tam
346 1303 388 1360 sio
405 1302 590 1368 Memoriam
608 1302 776 1374 adloquitur
794 1319 834 1360 oc
856 1302 930 1362 talia
951 1302 1082 1360 modat.
1119 1303 1202 1370 eade,
1220 1319 1282 1374 ape,

218 1417 248 1456 10
263 1394 347 1458 nate,
375 1407 446 1449 0000
469 1391 657 1465 zephyroset
679 1392 775 1450 labere
792 1392 913 1464 01001οε
943 1391 1019 1450 vade
1042 1391 1128 1467 quasi
1152 1390 1284 1450 officium

263 1479 386 1556 pedum,
407 1481 605 1539 necessarium
638 1479 786 1558 signifieat
814 1484 845 1539 et
870 1483 976 1556 postea
1004 1479 1081 1539 dixit
1108 1499 1177 1558 age,
1203 1483 1283 1553 nate,

263 1587 341 1628 voca
364 1569 507 1644 zephyros
531 1572 561 1627 et
579 1569 679 1627 labere
696 1569 804 1643 pinnis.
843 1588 911 1628 cum
928 1571 1022 1647 igitur
1039 1569 1116 1629 vade
1135 1573 1166 1628 et
1183 1568 1282 1628 labere

264 1658 417 1717 diversum
441 1660 490 1731 sit,
513 1658 659 1732 quomodo
682 1661 782 1733 potest
804 1659 975 1718 intellectus
998 1677 1066 1718 eum
1086 1677 1141 1717 sna
1158 1657 1282 1736 integri·

262 1749 330 1806 tate
353 1744 501 1805 discerni?
547 1746 632 1819 vade,
654 1746 761 1821 inquit,
784 1765 860 1806 voca
883 1747 1028 1822 zephyros
1052 1750 1090 1820 et,
1118 1767 1186 1807 cum
1210 1747 1282 1807 flare

218 1861 247 1901 15
264 1836 435 1910 coeperint,¹
449 1837 549 1910 pinnis
572 1835 694 1908 labere3.
707 1837 818 1911 pinnae
841 1835 921 1894 enim
943 1835 1007 1893 sine
1029 1840 1185 1895 ventorum
1208 1836 1283 1894 flatu

262 1924 413 1983 tardiores
445 1927 527 1999 sunt,
559 1928 681 1998 accepto
714 1928 816 1983 autem
852 1927 1010 1983 ventorum
1047 1924 1218 1983 adimanto
1249 1927 1283 1982 in

263 2014 452 2072 celeritatem
475 2014 600 2072 nimiam
624 2013 811 2072 concitantur
835 2016 865 2072 et
886 2015 952 2072 tota
972 2014 1147 2072 maturitate
1171 2013 1210 2071 ad
1233 2013 1282 2070 de-

264 2105 379 2161 stinata
402 2104 588 2177 perveniunt.
633 2103 884 2176 Dordoalmrrqee
903 2103 1021 2169 aaron,
1041 2101 1284 2177 Tyria-Cartha»

260 2195 333 2268 pirre
360 2195 409 2265 qai
436 2210 515 2250 acac
543 2196 670 2265 espectet
695 2194 807 2265 satione
834 2194 921 2252 dotus
946 2210 1011 2251 eon.
1035 2195 1153 2265 respicit
1181 2193 1335 2261 urbisano

218 2282 422 2354 soadloqcere
445 2285 470 2339 et
493 2282 592 2340 celeris
615 2282 696 2354 defer
718 2301 783 2340 mee
805 2282 884 2341 diota
900 2300 958 2355 per
975 2299 1082 2341 ouras:
1105 2282 1181 2340 dixit
1198 2282 1282 2355 vade,

264 2371 345 2429 dixit
371 2371 426 2429 hoo
454 2372 553 2445 ipsum
576 2370 651 2429 vade
674 2390 734 2446 qua
757 2371 904 2429 facilitate
927 2372 1028 2446 possit.
1045 2371 1167 2446 inpleri:
1198 2390 1282 2445 voca,

262 2460 375 2534 inquit,
393 2463 498 2517 ventos
522 2462 562 2518 etv
574 2461 675 2535 pinnis
698 2459 805 2519 labere.
836 2459 1032 2533 Dardanium,
1049 2460 1158 2535 inquit,
1177 2460 1282 2518 ducem
1309 2515 1312 2519 .

264 2566 310 2621 ae,
334 2567 370 2606 ne
393 2549 539 2607 incertum
557 2548 720 2607 Mercurius
743 2548 868 2607 haberet
890 2549 929 2606 ad
952 2568 1039 2624 quem
1062 2548 1211 2607 mandata
1227 2548 1283 2605 illa

264 2640 366 2696 essent
387 2637 573 2711 perferenda,
596 2637 765 2715 designavit
786 2637 924 2713 iuppiter
946 2639 1037 2696 etiam
1059 2638 1159 2695 locum
1181 2636 1285 2695 dicens

219 2749 248 2790 ss
265 2726 360 2801 Tyria
389 2724 570 2802 Carthagine
600 2727 650 2802 qui
678 2745 756 2785 nunc
784 2729 922 2801 expectat
949 2728 1080 2801 fatisque
1108 2726 1195 2785 datas
1222 2732 1282 2785 non

263 2816 389 2889 respicit
416 2815 512 2889 urhis,
541 2815 700 2891 adloquere
728 2818 759 2873 et
786 2815 889 2875 celeris
917 2814 999 2873 defer
1025 2834 1092 2872 mea
1120 2815 1201 2874 dieta
1228 2835 1283 2891 per

264 2907 364 2963 auras.
410 2904 462 2963 ille
485 2907 543 2978 est,
565 2906 678 2979 inquit,
703 2904 852 2979 adquam
874 2906 1017 2978 mitteris,
1046 2904 1097 2979 qui
1120 2906 1281 2963 consisten-

264 2994 340 3051 dum
372 2992 451 3068 apud
484 2992 711 3071 Carthaginem*
727 2992 877 3051 inutiliter
912 2994 1004 3068 putat
1032 3012 1087 3051 nec
1118 2995 1150 3051 in
1182 2995 1282 3052 animo

262 3082 358 3141 habet
386 3102 460 3156 quae
488 3082 536 3139 illi
562 3086 660 3141 terrae
683 3082 818 3141 fataliter
840 3082 1004 3141 attributae
1027 3082 1096 3140 sint.
1142 3082 1223 3157 qnod
1246 3082 1281 3141 de

218 3192 249 3234 eo
266 3170 458 3246 Carthaginis
481 3171 648 3230 inimicitiis
671 3172 720 3230 1110
739 3172 868 3229 strictim
886 3170 1000 3229 dictum
1019 3170 1114 3229 estin
1132 3172 1281 3229 mandatis

263 3260 347 3342 infra
369 3261 475 3335 positis
498 3260 615 3339 plenius
639 3260 719 3319 dicit.
757 3263 795 3337 et
810 3259 914 3319 celeris
937 3260 1108 3318 deformes
1131 3259 1211 3318 diota
1229 3279 1282 3334 per

339 3452 355 3499 2
374 3454 503 3501 uocarent
520 3446 720 3501 thloaeactes
737 3447 780 3500 ed.
799 3452 901 3501 occant
918 3447 961 3501 ed.
981 3448 1054 3516 post
1080 3451 1083 3513 Ι
1108 3447 1212 3500 retectis
1229 3445 1281 3498 LR

265 3536 335 3573 corr.
348 3518 390 3573 ed.
407 3520 411 3589 Ι
428 3519 560 3572 commodi
572 3520 618 3571 sci
626 3518 678 3570 LR·
687 3518 833 3572 commodis
847 3518 983 3572 adnotata
996 3518 1108 3584 lacuna,
1118 3532 1191 3586 quae
1202 3516 1282 3569 nulla

265 3594 318 3654 est,
334 3590 399 3643 edF.
461 3595 475 3641 ‘l
496 3590 590 3657 officio
608 3591 740 3659 inspuent
756 3590 823 3658 post
840 3590 1010 3656 differuntur
1026 3588 1157 3657 interpol.
1168 3588 1211 3642 ed.
1224 3604 1282 3641 non

264 3660 498 3715 hab.LRHOU.
559 3666 591 3713 11
612 3661 685 3714 dicit
702 3678 752 3730 ape
769 3659 823 3713 LR
840 3661 908 3714 vade
927 3660 1060 3728 interpos.
1076 3660 1119 3713 ed.
1180 3659 1283 3713 adada

266 3736 374 3802 loquere
392 3733 500 3786 sceleris
517 3730 655 3801 (etinha)
673 3730 733 3784 LR.
789 3737 822 3785 21
841 3732 972 3797 felicitate
985 3731 1018 3785 11.
1074 3736 1108 3783 23
1126 3745 1257 3785 0001110

322 3807 355 3856 21
374 3804 489 3858 mitteris
506 3802 559 3855 La
577 3810 602 3857 te
619 3803 696 3858 00110
714 3802 756 3857 ed.
813 3806 848 3856 30
866 3803 990 3857 00101000
1007 3802 1060 3855 LR
1078 3818 1147 3856 corr.
1167 3802 1210 3856 ed.
