3250 4350
587 420 590 427 ·
677 430 864 502 ¹¹aruuunos
882 430 922 485 nr
1247 430 1312 495 337

290 619 372 676 qnae
396 600 476 658 enim
499 603 636 675 suspecte
655 603 724 658 sunt
743 599 856 658 dimitti
874 599 983 658 debent
1001 619 1092 675 quem
1109 600 1214 659 videri.
1251 600 1313 659 iam

290 691 417 748 nomina
435 690 568 748 locorum
588 692 744 765 exequitur
765 707 841 764 quae
864 691 1049 748 transierunt
1071 690 1120 748 vel
1144 708 1220 764 quae
1244 707 1312 749 eva-

289 780 406 838 serunt.
451 779 519 837 biae
547 780 632 837 sinas
661 778 812 847 Herculei,
841 780 869 838 st
898 795 968 838 oera
998 782 1040 838 est
1065 780 1162 852 foma,
1191 779 1312 838 Tarenti

291 869 437 936 oerattar,
465 867 569 926 attollit
589 885 620 926 se
643 869 713 928 dieo
736 867 865 926 Latiale
886 871 987 927 ooaua
1012 865 1208 942 Caulonisque
1230 882 1314 926 orces

268 962 320 1018 set
347 957 539 1030 aurifrapam
565 956 746 1032 Scylaceum,
776 960 838 1015 tan
860 957 968 1030 procat
994 973 1009 1014 e
1034 959 1125 1029 stuata
1152 958 1312 1033 ¹Trafeeacrta

291 1047 423 1105 caedar
440 1042 538 1105 Actae
562 1049 588 1104 et
607 1047 745 1119 porratam
762 1047 905 1120 tepeataa
917 1046 1019 1120 pelopi
1031 1047 1210 1119 pulsataque
1227 1052 1365 1105 sorabos
1382 1089 1385 1093 .

291 1136 434 1193 audimus
457 1134 539 1209 loape
561 1135 730 1208 fractasque
752 1135 793 1193 ad
816 1136 903 1193 litora
925 1152 1006 1195 ooooe
1029 1135 1214 1209 eanquue
1232 1135 1311 1193 oada

292 1228 381 1296 atque
404 1226 486 1282 aesta
507 1225 666 1282 maceretur
687 1225 829 1282 harenae:
860 1243 943 1283 more
966 1242 1019 1284 suo
1042 1224 1139 1282 multa
1163 1223 1311 1300 superflua

292 1312 461 1388 descripsit,
479 1314 514 1370 ut
533 1312 572 1371 ad
591 1332 658 1371 eum
676 1313 776 1372 locum
795 1314 911 1373 veniret
930 1314 983 1389 qui
1001 1314 1101 1372 fuerat
1118 1314 1309 1372 necessarius.

268 1401 399 1462 »debus
431 1400 510 1459 enim
541 1403 636 1477 pertis
670 1400 836 1477 Charybdis
867 1405 1004 1479 tangere,
1036 1405 1071 1461 ut
1102 1421 1311 1478 responsorum

290 1489 403 1549 Heleni
429 1489 502 1550 fides
530 1493 631 1566 aperte
660 1490 872 1574 ostenderetur.
917 1492 995 1549 hanc
1025 1491 1139 1567 primus
1167 1490 1311 1549 Anchises

290 1579 456 1654 intellexit3
479 1580 543 1655 ipse
567 1581 646 1638 enim
669 1579 745 1639 dixit
766 1581 908 1638 ataaraat
930 1581 977 1639 bic
993 1581 1048 1640 ala
1068 1580 1241 1655 Charybdis,
1260 1580 1312 1639 bos

290 1668 426 1728 Heteaas
448 1670 589 1742 scopulos,
610 1670 681 1728 leaeo
702 1686 777 1728 suaa
800 1670 947 1728 bomeado
965 1669 1092 1728 canebat.
1127 1688 1235 1744 parum
1252 1669 1311 1727 fuit

290 1759 361 1816 loca
383 1757 576 1832 intellexisse,
599 1759 752 1817 nuntiasse
776 1757 876 1832 etiem,
898 1757 951 1816 dat
973 1777 1090 1833 quoque
1108 1759 1140 1815 in
1159 1759 1311 1834 praesenti

268 1847 465 1921 scansilium,
493 1849 527 1904 ut
553 1847 640 1905 credi
662 1848 819 1922 potuisset,
843 1847 942 1906 dicens
967 1848 1079 1920 eripite,
1102 1864 1118 1905 o
1140 1849 1225 1915 soeie',
1243 1853 1364 1921 poa-560

290 1938 421 2006 riterqae
442 1938 584 2008 tasarptte
606 1938 702 1994 remis.
740 1937 835 1994 socios
858 1955 918 1995 non
940 1936 1053 1994 frustra
1077 1936 1255 2011 appellavit,
1278 1936 1311 1993 in

289 2025 445 2084 communi
473 2025 553 2083 enim
581 2025 714 2100 periculo
743 2025 879 2083 omnibus
906 2025 1006 2083 fuerat
1034 2023 1243 2098 laborandum,
1273 2043 1310 2084 ne

287 2114 386 2171 simul
414 2114 509 2172 omnis
537 2113 670 2172 sorberet
697 2112 876 2191 Charybdis,
905 2115 991 2189 quasi
1014 2113 1125 2172 diceret
1146 2132 1202 2190 pro
1225 2112 1311 2172 vobis

289 2203 426 2277 facietis,
456 2197 538 2278 quod
569 2204 770 2279 periculorum
800 2204 1004 2279 praesentium
1035 2204 1197 2279 participes
1229 2203 1309 2263 estis.

268 2294 368 2354 »aaut
397 2294 495 2350 miuus
527 2309 562 2351 ac
593 2294 667 2351 tressi
698 2294 827 2366 foeteat:
863 2293 1032 2365 confestim,
1066 2294 1101 2350 ut
1132 2291 1205 2351 iussi
1232 2294 1310 2366 sunt,

291 2382 440 2455 fecerunt,
474 2382 585 2457 quippe
618 2381 758 2441 adversus
787 2384 975 2457 praesentem
1003 2384 1033 2440 et
1059 2382 1220 2439 maximam
1247 2383 1310 2439 vim

288 2470 404 2529 celeres
443 2471 472 2527 et
508 2472 631 2528 maximi
668 2472 801 2529 omnium
839 2473 962 2529 conatus
999 2471 1118 2528 fuerent
1151 2470 1310 2528 necessarii

288 2579 422 2635 qnorum
444 2559 610 2634 periculum
628 2558 694 2617 fuit.
726 2561 901 2633 primusque
922 2560 1072 2618 radentem
1094 2559 1230 2617 conaret
1251 2559 1309 2617 toe-

290 2666 348 2707 cas
375 2665 501 2721 proram
527 2648 690 2707 Patiaaras
718 2650 758 2707 ud
784 2648 891 2707 aedas.
936 2649 1052 2707 taeoara
1080 2651 1183 2706 euecta
1210 2648 1311 2707 cohors

268 2739 384 2798 tremis
407 2738 553 2811 beatisque
570 2739 687 2810 pettett:
709 2737 869 2796 Palinurus
892 2738 925 2794 in
947 2737 1003 2796 hee
1027 2754 1125 2811 causa,
1148 2755 1238 2811 quem
1259 2735 1309 2795 ob-

291 2825 456 2886 servabant
474 2828 614 2901 universi,
633 2827 658 2885 si
676 2827 842 2902 perieulum
861 2828 956 2885 vitare
977 2827 1133 2901 potuisset,
1153 2824 1310 2883 consilium

291 2918 410 2991 primus
429 2916 558 2990 a1ripuit
581 2918 615 2973 ut
638 2915 676 2974 ad
698 2916 818 2974 laevum
835 2916 994 2973 niteretur:
1017 2916 1096 2972 hune
1113 2913 1310 2972 imitabantur

291 3003 394 3078 ceteri,
427 3002 551 3061 iuvabat
583 3007 614 3063 et
644 3007 764 3080 ventus3
800 3004 852 3063 sed
879 3003 955 3062 nibil
986 3003 1101 3080 profirit
1131 3005 1310 3079 pervenisse,

290 3093 354 3151 nisi
382 3092 461 3167 quod
489 3092 628 3168 adparati
654 3096 800 3153 venerunt
826 3093 866 3152 ad
892 3093 1103 3166 resistendum,
1130 3095 1233 3151 tamen
1261 3092 1310 3150 ob·

368 3323 381 3368 1
403 3333 486 3383 qaam
499 3317 563 3369 tacte
577 3316 628 3368 LR
644 3333 727 3385 qaam
740 3317 855 3370 retineri
866 3314 889 3368 r¹
903 3333 986 3385 qaam
998 3317 1088 3370 videri
1100 3332 1151 3369 nos
1165 3331 1219 3369 om.
1231 3316 1274 3370 ed.

291 3388 401 3442 credit
418 3388 563 3441 aalaoe'aia
581 3386 607 3439 R
626 3404 695 3441 corr.
713 3386 745 3441 r'.
775 3389 779 3457 1
812 3388 986 3456 coloniaeque
1004 3386 1056 3440 La
1080 3387 1260 3456 aabaiaeqae
1279 3385 1309 3440 r‘.

368 3464 382 3510 ‘l
408 3460 445 3512 art
467 3459 550 3512 litora
569 3458 621 3511 La
640 3458 688 3513 edI
710 3461 742 3513 ta
760 3460 850 3513 littore
873 3458 940 3512 edF.
1049 3463 1081 3510 11
1100 3457 1207 3525 fidesL
1230 3460 1310 3525 fidem

289 3532 318 3584 R
337 3530 382 3583 ed.
404 3533 409 3599 Ι
438 3531 620 3584 ostenderetur
637 3529 663 3582 R
681 3530 829 3584 ostenderet
846 3529 868 3581 L
887 3530 930 3584 ed.
952 3532 956 3598 Ι
987 3531 1052 3583 ente
1070 3529 1142 3583 boae
1159 3528 1254 3582 nescio
1274 3546 1310 3582 an

288 3605 398 3657 lemme
416 3608 442 3655 et
456 3606 538 3669 pater
555 3601 688 3656 Aacbtses
705 3600 849 3655 exciderit.
924 3606 956 3654 18
975 3602 1074 3670 quodsi
1089 3599 1142 3651 LR
1160 3599 1209 3653 edI
1231 3601 1311 3669 quasi

289 3694 306 3728 r
325 3673 393 3728 edF.
455 3676 487 3724 19
506 3673 580 3741 qaod
597 3671 650 3725 LR
667 3674 717 3741 qut
735 3672 777 3725 ed.
838 3677 872 3725 24
890 3678 989 3726 caueto
1008 3688 1061 3726 om.
1076 3670 1135 3723 LR.
1193 3674 1227 3723 26
1246 3672 1308 3724 arei-

289 3746 365 3801 oerse'
384 3744 539 3812 periculam
556 3743 609 3796 La
632 3745 681 3813 qai
697 3743 831 3812 interpos.
851 3744 895 3797 ed.
913 3745 939 3797 si
956 3759 1015 3796 nos.
1124 3746 1158 3795 29
1182 3742 1240 3797 arsi
1262 3742 1311 3812 qai

288 3818 346 3870 La
366 3812 410 3869 ed
429 3814 487 3869 atsi
504 3814 576 3885 qaod
593 3831 644 3868 nos
662 3815 720 3869 alsi
737 3816 804 3884 qaia
824 3816 855 3868 0.

348 3915 409 3955 Don.
423 3914 518 3962 interpr.
531 3914 599 3965 Verg.
622 3914 667 3954 vol.
680 3914 698 3953 1.
1069 3908 1109 3958 Ὦ,
