<?xml version="1.0" encoding="UTF-8"?>
<!DOCTYPE html PUBLIC "-//W3C//DTD XHTML 1.0 Transitional//EN"
    "http://www.w3.org/TR/xhtml1/DTD/xhtml1-transitional.dtd">
<html xmlns="http://www.w3.org/1999/xhtml" xml:lang="en" lang="en">
 <head>
  <title>
</title>
<meta http-equiv="Content-Type" content="text/html;charset=utf-8" />
  <meta name='ocr-system' content='tesseract 3.04.00' />
  <meta name='ocr-capabilities' content='ocr_page ocr_carea ocr_par ocr_line ocrx_word'/>
</head>
<body>
  <div class='ocr_page' id='page_1' title='image "./tibericlaudidon01georgoog_0273.png"; bbox 0 0 3250 4350; ppageno 0'>
   <div class='ocr_carea' id='block_1_1' title="bbox 715 408 1339 483">
    <p class='ocr_par' dir='ltr' id='par_1_1' title="bbox 715 408 1339 483">
     <span class='ocr_line' id='line_1_1' title="bbox 715 408 1339 483; baseline -0.002 -20"><span class='ocrx_word' id='word_1_1' title='bbox 715 408 898 463; x_wconf 73' lang='lat' dir='ltr'>assumes</span> <span class='ocrx_word' id='word_1_2' title='bbox 916 409 943 462; x_wconf 88' lang='lat' dir='ltr'>n</span> <span class='ocrx_word' id='word_1_3' title='bbox 1059 478 1062 483; x_wconf 17' lang='grc' dir='ltr'>Ι</span> <span class='ocrx_word' id='word_1_4' title='bbox 1273 410 1339 476; x_wconf 80' lang='lat'>219</span> 
     </span>
    </p>
   </div>
   <div class='ocr_carea' id='block_1_2' title="bbox 280 577 1398 2881">
    <p class='ocr_par' dir='ltr' id='par_1_2' title="bbox 280 577 1398 2881">
     <span class='ocr_line' id='line_1_2' title="bbox 318 577 1340 656; baseline 0.001 -18"><span class='ocrx_word' id='word_1_5' title='bbox 318 578 535 656; x_wconf 90' lang='lat' dir='ltr'>procumberet·</span> <span class='ocrx_word' id='word_1_6' title='bbox 573 579 696 638; x_wconf 85' lang='lat' dir='ltr'>desueta</span> <span class='ocrx_word' id='word_1_7' title='bbox 713 577 911 638; x_wconf 87' lang='lat' dir='ltr'>trementibus</span> <span class='ocrx_word' id='word_1_8' title='bbox 934 597 1008 638; x_wconf 85' lang='lat' dir='ltr'>aevo</span> <span class='ocrx_word' id='word_1_9' title='bbox 1032 579 1196 639; x_wconf 89' lang='lat' dir='ltr'>circumdat</span> <span class='ocrx_word' id='word_1_10' title='bbox 1219 581 1340 655; x_wconf 91' lang='lat' dir='ltr'>nequic-</span> 
     </span>
     <span class='ocr_line' id='line_1_3' title="bbox 319 669 1339 744; baseline 0.002 -18"><span class='ocrx_word' id='word_1_11' title='bbox 319 687 413 744; x_wconf 92' lang='lat' dir='ltr'>quam</span> <span class='ocrx_word' id='word_1_12' title='bbox 431 670 541 728; x_wconf 89' lang='lat' dir='ltr'>umeris</span> <span class='ocrx_word' id='word_1_13' title='bbox 560 670 592 726; x_wconf 89' lang='lat' dir='ltr'>et</span> <span class='ocrx_word' id='word_1_14' title='bbox 609 669 716 727; x_wconf 89' lang='lat' dir='ltr'>inutile</span> <span class='ocrx_word' id='word_1_15' title='bbox 733 669 855 728; x_wconf 78' lang='lat' dir='ltr'>ferrum</span> <span class='ocrx_word' id='word_1_16' title='bbox 883 670 915 727; x_wconf 91' lang='lat' dir='ltr'>et</span> <span class='ocrx_word' id='word_1_17' title='bbox 931 686 1091 744; x_wconf 86' lang='lat' dir='ltr'>personam</span> <span class='ocrx_word' id='word_1_18' title='bbox 1108 672 1139 728; x_wconf 94' lang='lat' dir='ltr'>et</span> <span class='ocrx_word' id='word_1_19' title='bbox 1156 687 1203 728; x_wconf 92' lang='lat' dir='ltr'>res</span> <span class='ocrx_word' id='word_1_20' title='bbox 1221 670 1339 729; x_wconf 89' lang='lat' dir='ltr'>inutilis</span> 
     </span>
     <span class='ocr_line' id='line_1_4' title="bbox 319 756 1340 835; baseline 0.001 -19"><span class='ocrx_word' id='word_1_21' title='bbox 319 756 435 835; x_wconf 81' lang='lat' dir='ltr'>posuit3</span> <span class='ocrx_word' id='word_1_22' title='bbox 467 777 538 816; x_wconf 85' lang='lat' dir='ltr'>nam</span> <span class='ocrx_word' id='word_1_23' title='bbox 566 757 618 815; x_wconf 92' lang='lat' dir='ltr'>diu</span> <span class='ocrx_word' id='word_1_24' title='bbox 641 756 764 816; x_wconf 73' lang='lat' dir='ltr'>dunen</span> <span class='ocrx_word' id='word_1_25' title='bbox 787 775 871 815; x_wconf 86' lang='lat' dir='ltr'>arma</span> <span class='ocrx_word' id='word_1_26' title='bbox 894 756 950 817; x_wconf 91' lang='lat' dir='ltr'>hoc</span> <span class='ocrx_word' id='word_1_27' title='bbox 974 759 1020 816; x_wconf 88' lang='lat' dir='ltr'>est</span> <span class='ocrx_word' id='word_1_28' title='bbox 1042 777 1119 833; x_wconf 87' lang='lat' dir='ltr'>quae</span> <span class='ocrx_word' id='word_1_29' title='bbox 1141 759 1174 816; x_wconf 89' lang='lat' dir='ltr'>in</span> <span class='ocrx_word' id='word_1_30' title='bbox 1197 777 1254 818; x_wconf 91' lang='lat' dir='ltr'>usu</span> <span class='ocrx_word' id='word_1_31' title='bbox 1277 777 1340 818; x_wconf 89' lang='lat' dir='ltr'>esse</span> 
     </span>
     <span class='ocr_line' id='line_1_5' title="bbox 320 847 1341 923; baseline 0.001 -19"><span class='ocrx_word' id='word_1_32' title='bbox 320 847 471 906; x_wconf 87' lang='lat' dir='ltr'>desierant</span> <span class='ocrx_word' id='word_1_33' title='bbox 494 847 722 923; x_wconf 86' lang='lat' dir='ltr'>superveniente</span> <span class='ocrx_word' id='word_1_34' title='bbox 745 847 861 905; x_wconf 92' lang='lat' dir='ltr'>domini</span> <span class='ocrx_word' id='word_1_35' title='bbox 880 848 1032 905; x_wconf 73' lang='lat' dir='ltr'><strong>senectute</strong></span> <span class='ocrx_word' id='word_1_36' title='bbox 1050 847 1232 923; x_wconf 77' lang='lat' dir='ltr'>perindeque</span> <span class='ocrx_word' id='word_1_37' title='bbox 1251 849 1341 907; x_wconf 90' lang='lat' dir='ltr'>otiosi</span> 
     </span>
     <span class='ocr_line' id='line_1_6' title="bbox 290 935 1340 1012; baseline 0 -16"><span class='ocrx_word' id='word_1_38' title='bbox 290 940 351 996; x_wconf 86' lang='lat' dir='ltr'>set</span> <span class='ocrx_word' id='word_1_39' title='bbox 373 935 445 995; x_wconf 91' lang='lat' dir='ltr'>fessi</span> <span class='ocrx_word' id='word_1_40' title='bbox 468 953 504 994; x_wconf 89' lang='lat' dir='ltr'>ac</span> <span class='ocrx_word' id='word_1_41' title='bbox 525 955 580 1011; x_wconf 91' lang='lat' dir='ltr'>per</span> <span class='ocrx_word' id='word_1_42' title='bbox 601 935 659 995; x_wconf 92' lang='lat' dir='ltr'>hoc</span> <span class='ocrx_word' id='word_1_43' title='bbox 680 937 830 995; x_wconf 84' lang='lat' dir='ltr'>vetustate</span> <span class='ocrx_word' id='word_1_44' title='bbox 854 939 996 1012; x_wconf 85' lang='lat' dir='ltr'>corrupta</span> <span class='ocrx_word' id='word_1_45' title='bbox 1018 938 1129 995; x_wconf 90' lang='lat' dir='ltr'>umeris</span> <span class='ocrx_word' id='word_1_46' title='bbox 1156 937 1340 1011; x_wconf 73' lang='lat' dir='ltr'>antiquitate</span> 
     </span>
     <span class='ocr_line' id='line_1_7' title="bbox 320 1024 1341 1101; baseline 0.001 -18"><span class='ocrx_word' id='word_1_47' title='bbox 320 1024 475 1084; x_wconf 83' lang='lat' dir='ltr'>dissolutis</span> <span class='ocrx_word' id='word_1_48' title='bbox 503 1025 638 1101; x_wconf 85' lang='lat' dir='ltr'>inposuit</span> <span class='ocrx_word' id='word_1_49' title='bbox 665 1026 696 1083; x_wconf 91' lang='lat' dir='ltr'>et</span> <span class='ocrx_word' id='word_1_50' title='bbox 721 1024 830 1082; x_wconf 88' lang='lat' dir='ltr'>inutile</span> <span class='ocrx_word' id='word_1_51' title='bbox 857 1026 983 1100; x_wconf 84' lang='lat' dir='ltr'>ferrum,</span> <span class='ocrx_word' id='word_1_52' title='bbox 1016 1024 1096 1100; x_wconf 91' lang='lat' dir='ltr'>quod</span> <span class='ocrx_word' id='word_1_53' title='bbox 1126 1024 1341 1100; x_wconf 79' lang='lat' dir='ltr'>absumpsisset</span> 
     </span>
     <span class='ocr_line' id='line_1_8' title="bbox 320 1113 1341 1191; baseline 0 -19"><span class='ocrx_word' id='word_1_54' title='bbox 320 1113 426 1190; x_wconf 83' lang='lat' dir='ltr'>robigo</span> <span class='ocrx_word' id='word_1_55' title='bbox 444 1114 530 1190; x_wconf 90' lang='lat' dir='ltr'>longi</span> <span class='ocrx_word' id='word_1_56' title='bbox 547 1114 699 1189; x_wconf 84' lang='lat' dir='ltr'>temporie.</span> <span class='ocrx_word' id='word_1_57' title='bbox 738 1113 786 1174; x_wconf 90' lang='lat' dir='ltr'>his</span> <span class='ocrx_word' id='word_1_58' title='bbox 805 1115 898 1191; x_wconf 88' lang='lat' dir='ltr'>gestis</span> <span class='ocrx_word' id='word_1_59' title='bbox 916 1115 1049 1191; x_wconf 83' lang='lat' dir='ltr'>cingitur</span> <span class='ocrx_word' id='word_1_60' title='bbox 1066 1114 1123 1173; x_wconf 90' lang='lat' dir='ltr'>hoc</span> <span class='ocrx_word' id='word_1_61' title='bbox 1141 1116 1187 1174; x_wconf 91' lang='lat' dir='ltr'>est</span> <span class='ocrx_word' id='word_1_62' title='bbox 1205 1116 1341 1172; x_wconf 87' lang='lat' dir='ltr'>armatur</span> 
     </span>
     <span class='ocr_line' id='line_1_9' title="bbox 320 1201 1340 1279; baseline 0 -18"><span class='ocrx_word' id='word_1_63' title='bbox 320 1205 352 1261; x_wconf 91' lang='lat' dir='ltr'>et</span> <span class='ocrx_word' id='word_1_64' title='bbox 385 1203 472 1277; x_wconf 89' lang='lat' dir='ltr'>quasi</span> <span class='ocrx_word' id='word_1_65' title='bbox 504 1204 649 1261; x_wconf 80' lang='lat' dir='ltr'>certaturi</span> <span class='ocrx_word' id='word_1_66' title='bbox 680 1201 777 1279; x_wconf 90' lang='lat' dir='ltr'>specie</span> <span class='ocrx_word' id='word_1_67' title='bbox 808 1203 843 1261; x_wconf 87' lang='lat' dir='ltr'>in</span> <span class='ocrx_word' id='word_1_68' title='bbox 875 1204 1024 1262; x_wconf 81' lang='lat' dir='ltr'>confertos</span> <span class='ocrx_word' id='word_1_69' title='bbox 1052 1203 1149 1262; x_wconf 88' lang='lat' dir='ltr'>hostis</span> <span class='ocrx_word' id='word_1_70' title='bbox 1176 1205 1340 1262; x_wconf 89' lang='lat' dir='ltr'>moriturus</span> 
     </span>
     <span class='ocr_line' id='line_1_10' title="bbox 320 1290 1342 1370; baseline -0.001 -19"><span class='ocrx_word' id='word_1_71' title='bbox 320 1290 480 1370; x_wconf 88' lang='lat' dir='ltr'>egreditur.</span> <span class='ocrx_word' id='word_1_72' title='bbox 526 1293 585 1350; x_wconf 88' lang='lat' dir='ltr'>iste</span> <span class='ocrx_word' id='word_1_73' title='bbox 607 1311 701 1368; x_wconf 92' lang='lat' dir='ltr'>usque</span> <span class='ocrx_word' id='word_1_74' title='bbox 726 1291 800 1351; x_wconf 87' lang='lat' dir='ltr'>adeo</span> <span class='ocrx_word' id='word_1_75' title='bbox 824 1291 975 1350; x_wconf 89' lang='lat' dir='ltr'>adfectum</span> <span class='ocrx_word' id='word_1_76' title='bbox 997 1291 1145 1351; x_wconf 89' lang='lat' dir='ltr'>moriendi</span> <span class='ocrx_word' id='word_1_77' title='bbox 1167 1292 1284 1366; x_wconf 84' lang='lat' dir='ltr'>habuit,</span> <span class='ocrx_word' id='word_1_78' title='bbox 1307 1294 1342 1351; x_wconf 94' lang='lat' dir='ltr'>ut</span> 
     </span>
     <span class='ocr_line' id='line_1_11' title="bbox 280 1380 1341 1457; baseline -0.001 -16"><span class='ocrx_word' id='word_1_79' title='bbox 280 1403 305 1442; x_wconf 85' lang='grc' dir='ltr'>ιο</span> <span class='ocrx_word' id='word_1_80' title='bbox 321 1399 414 1454; x_wconf 88' lang='lat' dir='ltr'>unus,</span> <span class='ocrx_word' id='word_1_81' title='bbox 441 1398 542 1455; x_wconf 85' lang='lat' dir='ltr'>senex,</span> <span class='ocrx_word' id='word_1_82' title='bbox 571 1382 633 1440; x_wconf 90' lang='lat' dir='ltr'>otio</span> <span class='ocrx_word' id='word_1_83' title='bbox 657 1399 775 1457; x_wconf 91' lang='lat' dir='ltr'>quoque</span> <span class='ocrx_word' id='word_1_84' title='bbox 798 1380 974 1457; x_wconf 90' lang='lat' dir='ltr'>longissimo</span> <span class='ocrx_word' id='word_1_85' title='bbox 997 1381 1174 1455; x_wconf 89' lang='lat' dir='ltr'>dissolutus,</span> <span class='ocrx_word' id='word_1_86' title='bbox 1202 1380 1341 1440; x_wconf 88' lang='lat' dir='ltr'>desuetu-</span> 
     </span>
     <span class='ocr_line' id='line_1_12' title="bbox 322 1469 1341 1545; baseline 0.001 -17"><span class='ocrx_word' id='word_1_87' title='bbox 322 1470 392 1528; x_wconf 86' lang='lat' dir='ltr'>dine</span> <span class='ocrx_word' id='word_1_88' title='bbox 416 1469 552 1545; x_wconf 77' lang='lat' dir='ltr'>torpidus</span> <span class='ocrx_word' id='word_1_89' title='bbox 575 1471 634 1529; x_wconf 88' lang='lat' dir='ltr'>iret</span> <span class='ocrx_word' id='word_1_90' title='bbox 656 1471 689 1528; x_wconf 91' lang='lat' dir='ltr'>in</span> <span class='ocrx_word' id='word_1_91' title='bbox 711 1470 806 1530; x_wconf 89' lang='lat' dir='ltr'>hostis</span> <span class='ocrx_word' id='word_1_92' title='bbox 830 1470 937 1529; x_wconf 90' lang='lat' dir='ltr'>densos</span> <span class='ocrx_word' id='word_1_93' title='bbox 961 1474 1114 1530; x_wconf 88' lang='lat' dir='ltr'>auctorem</span> <span class='ocrx_word' id='word_1_94' title='bbox 1136 1489 1207 1530; x_wconf 86' lang='lat' dir='ltr'>suae</span> <span class='ocrx_word' id='word_1_95' title='bbox 1235 1471 1341 1529; x_wconf 90' lang='lat' dir='ltr'>mortis</span> 
     </span>
     <span class='ocr_line' id='line_1_13' title="bbox 320 1559 1341 1635; baseline 0 -18"><span class='ocrx_word' id='word_1_96' title='bbox 320 1559 411 1618; x_wconf 83' lang='lat' dir='ltr'>facile</span> <span class='ocrx_word' id='word_1_97' title='bbox 434 1559 610 1618; x_wconf 83' lang='lat' dir='ltr'>inventurus</span> <span class='ocrx_word' id='word_1_98' title='bbox 633 1559 665 1617; x_wconf 91' lang='lat' dir='ltr'>in</span> <span class='ocrx_word' id='word_1_99' title='bbox 688 1559 835 1635; x_wconf 87' lang='lat' dir='ltr'>plurimis.</span> <span class='ocrx_word' id='word_1_100' title='bbox 880 1559 937 1619; x_wconf 91' lang='lat' dir='ltr'>hoc</span> <span class='ocrx_word' id='word_1_101' title='bbox 959 1561 1026 1618; x_wconf 93' lang='lat' dir='ltr'>loco</span> <span class='ocrx_word' id='word_1_102' title='bbox 1048 1560 1185 1635; x_wconf 87' lang='lat' dir='ltr'>plerique</span> <span class='ocrx_word' id='word_1_103' title='bbox 1209 1562 1341 1620; x_wconf 87' lang='lat' dir='ltr'>errantes</span> 
     </span>
     <span class='ocr_line' id='line_1_14' title="bbox 320 1646 1342 1725; baseline 0 -19"><span class='ocrx_word' id='word_1_104' title='bbox 320 1646 432 1724; x_wconf 87' lang='lat' dir='ltr'>putant</span> <span class='ocrx_word' id='word_1_105' title='bbox 454 1647 610 1706; x_wconf 88' lang='lat' dir='ltr'>Priamum</span> <span class='ocrx_word' id='word_1_106' title='bbox 637 1650 770 1708; x_wconf 84' lang='lat' dir='ltr'>amentia</span> <span class='ocrx_word' id='word_1_107' title='bbox 798 1649 928 1725; x_wconf 87' lang='lat' dir='ltr'>quadam</span> <span class='ocrx_word' id='word_1_108' title='bbox 955 1647 1078 1707; x_wconf 90' lang='lat' dir='ltr'>ductum</span> <span class='ocrx_word' id='word_1_109' title='bbox 1100 1648 1157 1708; x_wconf 91' lang='lat' dir='ltr'>hoc</span> <span class='ocrx_word' id='word_1_110' title='bbox 1179 1649 1228 1708; x_wconf 83' lang='lat' dir='ltr'>vel</span> <span class='ocrx_word' id='word_1_111' title='bbox 1250 1651 1342 1707; x_wconf 88' lang='lat' dir='ltr'>teme-</span> 
     </span>
     <span class='ocr_line' id='line_1_15' title="bbox 320 1728 1343 1818; baseline 0 -22"><span class='ocrx_word' id='word_1_112' title='bbox 320 1739 413 1796; x_wconf 87' lang='lat' dir='ltr'>ritate</span> <span class='ocrx_word' id='word_1_113' title='bbox 435 1737 541 1797; x_wconf 86' lang='lat' dir='ltr'>fecisse</span> <span class='ocrx_word' id='word_1_114' title='bbox 564 1728 652 1818; x_wconf 85' lang='lat' dir='ltr'>(fecit</span> <span class='ocrx_word' id='word_1_115' title='bbox 674 1738 799 1798; x_wconf 91' lang='lat' dir='ltr'>consilio</span> <span class='ocrx_word' id='word_1_116' title='bbox 824 1741 855 1798; x_wconf 90' lang='lat' dir='ltr'>et</span> <span class='ocrx_word' id='word_1_117' title='bbox 872 1738 1020 1816; x_wconf 82' lang='lat' dir='ltr'>singulari</span> <span class='ocrx_word' id='word_1_118' title='bbox 1037 1738 1198 1813; x_wconf 89' lang='lat' dir='ltr'>prudentia</span> <span class='ocrx_word' id='word_1_119' title='bbox 1216 1756 1278 1814; x_wconf 88' lang='lat' dir='ltr'>qua</span> <span class='ocrx_word' id='word_1_120' title='bbox 1296 1739 1343 1796; x_wconf 88' lang='lat' dir='ltr'>uti</span> 
     </span>
     <span class='ocr_line' id='line_1_16' title="bbox 280 1826 1342 1903; baseline -0.004 -15"><span class='ocrx_word' id='word_1_121' title='bbox 280 1848 306 1888; x_wconf 90' lang='lat'>15</span> <span class='ocrx_word' id='word_1_122' title='bbox 322 1827 421 1886; x_wconf 87' lang='lat' dir='ltr'>solent</span> <span class='ocrx_word' id='word_1_123' title='bbox 448 1827 480 1884; x_wconf 93' lang='lat' dir='ltr'>in</span> <span class='ocrx_word' id='word_1_124' title='bbox 507 1826 647 1885; x_wconf 84' lang='lat' dir='ltr'>extremis</span> <span class='ocrx_word' id='word_1_125' title='bbox 665 1828 839 1903; x_wconf 83' lang='lat' dir='ltr'>sapientes,</span> <span class='ocrx_word' id='word_1_126' title='bbox 866 1830 902 1885; x_wconf 91' lang='lat' dir='ltr'>ut</span> <span class='ocrx_word' id='word_1_127' title='bbox 928 1828 1096 1887; x_wconf 89' lang='lat' dir='ltr'>moreretur</span> <span class='ocrx_word' id='word_1_128' title='bbox 1122 1829 1224 1903; x_wconf 87' lang='lat' dir='ltr'>potius</span> <span class='ocrx_word' id='word_1_129' title='bbox 1252 1845 1342 1902; x_wconf 92' lang='lat' dir='ltr'>quam</span> 
     </span>
     <span class='ocr_line' id='line_1_17' title="bbox 322 1914 1343 1991; baseline -0.003 -15"><span class='ocrx_word' id='word_1_130' title='bbox 322 1914 511 1991; x_wconf 84' lang='lat' dir='ltr'>captivitatis</span> <span class='ocrx_word' id='word_1_131' title='bbox 533 1914 672 1975; x_wconf 90' lang='lat' dir='ltr'>ludibriis</span> <span class='ocrx_word' id='word_1_132' title='bbox 695 1915 884 1990; x_wconf 89' lang='lat' dir='ltr'>subiaceret),</span> <span class='ocrx_word' id='word_1_133' title='bbox 907 1916 959 1974; x_wconf 92' lang='lat' dir='ltr'>sed</span> <span class='ocrx_word' id='word_1_134' title='bbox 981 1915 1131 1974; x_wconf 87' lang='lat' dir='ltr'>falluntur</span> <span class='ocrx_word' id='word_1_135' title='bbox 1148 1917 1201 1975; x_wconf 86' lang='lat' dir='ltr'>isti</span> <span class='ocrx_word' id='word_1_136' title='bbox 1225 1915 1343 1974; x_wconf 86' lang='lat' dir='ltr'>intelle-</span> 
     </span>
     <span class='ocr_line' id='line_1_18' title="bbox 322 2004 1343 2082; baseline -0.001 -19"><span class='ocrx_word' id='word_1_137' title='bbox 322 2004 463 2082; x_wconf 85' lang='lat' dir='ltr'>gentibus</span> <span class='ocrx_word' id='word_1_138' title='bbox 492 2024 527 2063; x_wconf 82' lang='lat' dir='ltr'>ex</span> <span class='ocrx_word' id='word_1_139' title='bbox 555 2004 704 2065; x_wconf 72' lang='lat' dir='ltr'>subiectis,</span> <span class='ocrx_word' id='word_1_140' title='bbox 750 2007 841 2082; x_wconf 90' lang='lat' dir='ltr'>poeta</span> <span class='ocrx_word' id='word_1_141' title='bbox 869 2007 949 2064; x_wconf 90' lang='lat' dir='ltr'>enim</span> <span class='ocrx_word' id='word_1_142' title='bbox 977 2004 1079 2063; x_wconf 88' lang='lat' dir='ltr'>divino</span> <span class='ocrx_word' id='word_1_143' title='bbox 1107 2004 1227 2081; x_wconf 89' lang='lat' dir='ltr'>ingenio</span> <span class='ocrx_word' id='word_1_144' title='bbox 1257 2023 1343 2080; x_wconf 92' lang='lat' dir='ltr'>prae·</span> 
     </span>
     <span class='ocr_line' id='line_1_19' title="bbox 321 2093 1343 2172; baseline 0 -20"><span class='ocrx_word' id='word_1_145' title='bbox 321 2093 405 2152; x_wconf 88' lang='lat' dir='ltr'>ditus</span> <span class='ocrx_word' id='word_1_146' title='bbox 437 2093 504 2152; x_wconf 87' lang='lat' dir='ltr'>loca</span> <span class='ocrx_word' id='word_1_147' title='bbox 535 2111 653 2170; x_wconf 89' lang='lat' dir='ltr'>semper</span> <span class='ocrx_word' id='word_1_148' title='bbox 684 2113 719 2154; x_wconf 83' lang='lat' dir='ltr'>ac</span> <span class='ocrx_word' id='word_1_149' title='bbox 750 2097 888 2172; x_wconf 87' lang='lat' dir='ltr'>tempora</span> <span class='ocrx_word' id='word_1_150' title='bbox 919 2112 1120 2170; x_wconf 85' lang='lat' dir='ltr'>personasque</span> <span class='ocrx_word' id='word_1_151' title='bbox 1156 2096 1343 2170; x_wconf 86' lang='lat' dir='ltr'>pertractans</span> 
     </span>
     <span class='ocr_line' id='line_1_20' title="bbox 322 2183 1344 2261; baseline 0.002 -20"><span class='ocrx_word' id='word_1_152' title='bbox 322 2183 406 2242; x_wconf 88' lang='lat' dir='ltr'>dedit</span> <span class='ocrx_word' id='word_1_153' title='bbox 433 2184 499 2242; x_wconf 89' lang='lat' dir='ltr'>viro</span> <span class='ocrx_word' id='word_1_154' title='bbox 527 2183 717 2261; x_wconf 85' lang='lat' dir='ltr'>prudentiam</span> <span class='ocrx_word' id='word_1_155' title='bbox 746 2188 776 2243; x_wconf 92' lang='lat' dir='ltr'>et</span> <span class='ocrx_word' id='word_1_156' title='bbox 803 2184 836 2243; x_wconf 86' lang='lat' dir='ltr'>in</span> <span class='ocrx_word' id='word_1_157' title='bbox 859 2183 992 2244; x_wconf 86' lang='lat' dir='ltr'>adversis</span> <span class='ocrx_word' id='word_1_158' title='bbox 1015 2184 1204 2259; x_wconf 86' lang='lat' dir='ltr'>aptissimam</span> <span class='ocrx_word' id='word_1_159' title='bbox 1227 2183 1344 2244; x_wconf 91' lang='lat' dir='ltr'>consilii</span> 
     </span>
     <span class='ocr_line' id='line_1_21' title="bbox 280 2272 1343 2349; baseline -0.002 -16"><span class='ocrx_word' id='word_1_160' title='bbox 280 2294 310 2333; x_wconf 84' lang='lat' dir='ltr'>so</span> <span class='ocrx_word' id='word_1_161' title='bbox 324 2272 543 2347; x_wconf 87' lang='lat' dir='ltr'>definitionem,</span> <span class='ocrx_word' id='word_1_162' title='bbox 571 2275 712 2348; x_wconf 87' lang='lat' dir='ltr'>quoniam</span> <span class='ocrx_word' id='word_1_163' title='bbox 734 2274 835 2334; x_wconf 91' lang='lat' dir='ltr'>hostes</span> <span class='ocrx_word' id='word_1_164' title='bbox 858 2273 1052 2333; x_wconf 89' lang='lat' dir='ltr'>obtinuerant</span> <span class='ocrx_word' id='word_1_165' title='bbox 1074 2274 1219 2349; x_wconf 85' lang='lat' dir='ltr'>patriam,</span> <span class='ocrx_word' id='word_1_166' title='bbox 1243 2291 1343 2348; x_wconf 88' lang='lat' dir='ltr'>posse·</span> 
     </span>
     <span class='ocr_line' id='line_1_22' title="bbox 323 2360 1343 2440; baseline 0.001 -21"><span class='ocrx_word' id='word_1_167' title='bbox 323 2362 431 2421; x_wconf 91' lang='lat' dir='ltr'>derant</span> <span class='ocrx_word' id='word_1_168' title='bbox 458 2360 594 2437; x_wconf 88' lang='lat' dir='ltr'>domum,</span> <span class='ocrx_word' id='word_1_169' title='bbox 621 2363 788 2438; x_wconf 85' lang='lat' dir='ltr'>penetralia</span> <span class='ocrx_word' id='word_1_170' title='bbox 817 2381 936 2438; x_wconf 91' lang='lat' dir='ltr'>quoque</span> <span class='ocrx_word' id='word_1_171' title='bbox 963 2361 1154 2440; x_wconf 80' lang='lat' dir='ltr'>diripiebant.</span> <span class='ocrx_word' id='word_1_172' title='bbox 1200 2362 1343 2438; x_wconf 90' lang='lat' dir='ltr'>temporis</span> 
     </span>
     <span class='ocr_line' id='line_1_23' title="bbox 323 2451 1343 2527; baseline 0 -20"><span class='ocrx_word' id='word_1_173' title='bbox 323 2452 356 2509; x_wconf 92' lang='lat' dir='ltr'>in</span> <span class='ocrx_word' id='word_1_174' title='bbox 383 2470 512 2526; x_wconf 89' lang='lat' dir='ltr'>persona</span> <span class='ocrx_word' id='word_1_175' title='bbox 538 2451 672 2510; x_wconf 90' lang='lat' dir='ltr'>mulieris</span> <span class='ocrx_word' id='word_1_176' title='bbox 696 2452 757 2510; x_wconf 85' lang='lat' dir='ltr'>alia</span> <span class='ocrx_word' id='word_1_177' title='bbox 780 2452 930 2511; x_wconf 87' lang='lat' dir='ltr'>sententia</span> <span class='ocrx_word' id='word_1_178' title='bbox 952 2452 1021 2525; x_wconf 83' lang='lat' dir='ltr'>fnit,</span> <span class='ocrx_word' id='word_1_179' title='bbox 1046 2470 1121 2527; x_wconf 91' lang='lat' dir='ltr'>quae</span> <span class='ocrx_word' id='word_1_180' title='bbox 1144 2470 1199 2525; x_wconf 90' lang='lat' dir='ltr'>pro</span> <span class='ocrx_word' id='word_1_181' title='bbox 1222 2451 1343 2526; x_wconf 88' lang='lat' dir='ltr'>ingenio</span> 
     </span>
     <span class='ocr_line' id='line_1_24' title="bbox 323 2539 1344 2615; baseline 0 -18"><span class='ocrx_word' id='word_1_182' title='bbox 323 2541 448 2599; x_wconf 83' lang='lat' dir='ltr'>feminei</span> <span class='ocrx_word' id='word_1_183' title='bbox 479 2558 565 2599; x_wconf 84' lang='lat' dir='ltr'>sexus</span> <span class='ocrx_word' id='word_1_184' title='bbox 598 2539 745 2615; x_wconf 87' lang='lat' dir='ltr'>arbitrata</span> <span class='ocrx_word' id='word_1_185' title='bbox 772 2542 871 2600; x_wconf 84' lang='lat' dir='ltr'>virum</span> <span class='ocrx_word' id='word_1_186' title='bbox 898 2559 986 2599; x_wconf 91' lang='lat' dir='ltr'>suum</span> <span class='ocrx_word' id='word_1_187' title='bbox 1012 2539 1170 2599; x_wconf 89' lang='lat' dir='ltr'>turbatum</span> <span class='ocrx_word' id='word_1_188' title='bbox 1197 2559 1233 2599; x_wconf 83' lang='lat' dir='ltr'>ex</span> <span class='ocrx_word' id='word_1_189' title='bbox 1259 2557 1344 2615; x_wconf 89' lang='lat' dir='ltr'>prae-</span> 
     </span>
     <span class='ocr_line' id='line_1_25' title="bbox 323 2627 1345 2703; baseline -0.001 -16"><span class='ocrx_word' id='word_1_190' title='bbox 323 2627 459 2688; x_wconf 91' lang='lat' dir='ltr'>sentibus</span> <span class='ocrx_word' id='word_1_191' title='bbox 482 2630 614 2688; x_wconf 86' lang='lat' dir='ltr'>amentia</span> <span class='ocrx_word' id='word_1_192' title='bbox 636 2630 709 2687; x_wconf 87' lang='lat' dir='ltr'>ferri</span> <span class='ocrx_word' id='word_1_193' title='bbox 719 2674 888 2689; x_wconf 91' lang='grc'><strong>..........</strong></span> <span class='ocrx_word' id='word_1_194' title='bbox 921 2648 996 2703; x_wconf 82' lang='lat' dir='ltr'>quur</span> <span class='ocrx_word' id='word_1_195' title='bbox 1017 2646 1098 2688; x_wconf 85' lang='lat' dir='ltr'>mens</span> <span class='ocrx_word' id='word_1_196' title='bbox 1117 2632 1177 2687; x_wconf 85' lang='lat' dir='ltr'>turn</span> <span class='ocrx_word' id='word_1_197' title='bbox 1195 2630 1272 2696; x_wconf 83' lang='lat' dir='ltr'>dira,</span> <span class='ocrx_word' id='word_1_198' title='bbox 1291 2629 1345 2686; x_wconf 86' lang='lat' dir='ltr'>nn&#39;·</span> 
     </span>
     <span class='ocr_line' id='line_1_26' title="bbox 280 2718 1398 2793; baseline -0.006 -14"><span class='ocrx_word' id='word_1_199' title='bbox 280 2738 308 2779; x_wconf 81' lang='lat' dir='ltr'>rs</span> <span class='ocrx_word' id='word_1_200' title='bbox 322 2719 446 2777; x_wconf 84' lang='lat' dir='ltr'>serrirne</span> <span class='ocrx_word' id='word_1_201' title='bbox 477 2720 617 2786; x_wconf 82' lang='lat' dir='ltr'>ceninnu,</span> <span class='ocrx_word' id='word_1_202' title='bbox 649 2718 758 2792; x_wconf 82' lang='lat' dir='ltr'>inpulit</span> <span class='ocrx_word' id='word_1_203' title='bbox 787 2720 835 2779; x_wconf 82' lang='lat' dir='ltr'>bis</span> <span class='ocrx_word' id='word_1_204' title='bbox 866 2720 944 2793; x_wconf 67' lang='lat' dir='ltr'>cingi</span> <span class='ocrx_word' id='word_1_205' title='bbox 971 2718 1055 2777; x_wconf 78' lang='lat' dir='ltr'>telis?</span> <span class='ocrx_word' id='word_1_206' title='bbox 1087 2721 1141 2777; x_wconf 87' lang='lat' dir='ltr'>aut</span> <span class='ocrx_word' id='word_1_207' title='bbox 1167 2734 1223 2791; x_wconf 81' lang='lat' dir='ltr'>que</span> <span class='ocrx_word' id='word_1_208' title='bbox 1250 2718 1398 2776; x_wconf 62' lang='lat' dir='ltr'>miseere</span> 
     </span>
     <span class='ocr_line' id='line_1_27' title="bbox 324 2807 1344 2881; baseline 0.001 -16"><span class='ocrx_word' id='word_1_209' title='bbox 324 2808 433 2879; x_wconf 84' lang='lat' dir='ltr'>inquit,</span> <span class='ocrx_word' id='word_1_210' title='bbox 461 2824 521 2865; x_wconf 90' lang='lat' dir='ltr'>nen</span> <span class='ocrx_word' id='word_1_211' title='bbox 548 2807 601 2865; x_wconf 79' lang='lat' dir='ltr'>tubi</span> <span class='ocrx_word' id='word_1_212' title='bbox 628 2807 739 2867; x_wconf 78' lang='lat' dir='ltr'>anulio</span> <span class='ocrx_word' id='word_1_213' title='bbox 764 2826 817 2867; x_wconf 90' lang='lat' dir='ltr'>nee</span> <span class='ocrx_word' id='word_1_214' title='bbox 839 2808 1040 2881; x_wconf 76' lang='lat' dir='ltr'>defensoribus</span> <span class='ocrx_word' id='word_1_215' title='bbox 1062 2809 1127 2866; x_wconf 79' lang='lat' dir='ltr'>istis</span> <span class='ocrx_word' id='word_1_216' title='bbox 1146 2811 1258 2879; x_wconf 76' lang='lat' dir='ltr'>ternpus</span> <span class='ocrx_word' id='word_1_217' title='bbox 1277 2810 1344 2880; x_wconf 70' lang='lat' dir='ltr'>eret,</span> 
     </span>
    </p>
   </div>
   <div class='ocr_carea' id='block_1_3' title="bbox 323 2896 1345 2970">
    <p class='ocr_par' dir='ltr' id='par_1_3' title="bbox 323 2896 1345 2970">
     <span class='ocr_line' id='line_1_28' title="bbox 323 2896 1345 2970; baseline 0.002 -17"><span class='ocrx_word' id='word_1_218' title='bbox 323 2914 400 2964; x_wconf 90' lang='lat' dir='ltr'>nen,</span> <span class='ocrx_word' id='word_1_219' title='bbox 424 2897 452 2955; x_wconf 85' lang='lat' dir='ltr'>si</span> <span class='ocrx_word' id='word_1_220' title='bbox 473 2897 536 2969; x_wconf 83' lang='lat' dir='ltr'>ipse</span> <span class='ocrx_word' id='word_1_221' title='bbox 557 2912 639 2955; x_wconf 86' lang='lat' dir='ltr'>meus</span> <span class='ocrx_word' id='word_1_222' title='bbox 660 2914 740 2955; x_wconf 89' lang='lat' dir='ltr'>nunc</span> <span class='ocrx_word' id='word_1_223' title='bbox 762 2898 878 2970; x_wconf 73' lang='lat' dir='ltr'>adforet</span> <span class='ocrx_word' id='word_1_224' title='bbox 899 2898 1015 2955; x_wconf 88' lang='lat' dir='ltr'>Hector.</span> <span class='ocrx_word' id='word_1_225' title='bbox 1060 2897 1117 2955; x_wconf 86' lang='lat' dir='ltr'>buc</span> <span class='ocrx_word' id='word_1_226' title='bbox 1139 2896 1258 2956; x_wconf 77' lang='lat' dir='ltr'>tendent</span> <span class='ocrx_word' id='word_1_227' title='bbox 1279 2912 1345 2955; x_wconf 86' lang='lat' dir='ltr'>cen·</span> 
     </span>
    </p>
   </div>
   <div class='ocr_carea' id='block_1_4' title="bbox 324 3083 1348 3865">
    <p class='ocr_par' dir='ltr' id='par_1_4' title="bbox 324 3083 1348 3865">
     <span class='ocr_line' id='line_1_29' title="bbox 400 3083 1346 3153; baseline 0.002 -18"><span class='ocrx_word' id='word_1_228' title='bbox 400 3090 413 3135; x_wconf 92' lang='lat'>1</span> <span class='ocrx_word' id='word_1_229' title='bbox 434 3084 602 3152; x_wconf 71' lang='lat' dir='ltr'>protuberet</span> <span class='ocrx_word' id='word_1_230' title='bbox 619 3083 641 3136; x_wconf 88' lang='lat' dir='ltr'>L</span> <span class='ocrx_word' id='word_1_231' title='bbox 659 3084 854 3153; x_wconf 78' lang='lat' dir='ltr'>procumberet</span> <span class='ocrx_word' id='word_1_232' title='bbox 877 3084 903 3136; x_wconf 78' lang='lat' dir='ltr'>s</span> <span class='ocrx_word' id='word_1_233' title='bbox 925 3083 1053 3151; x_wconf 85' lang='lat' dir='ltr'>sequitur</span> <span class='ocrx_word' id='word_1_234' title='bbox 1076 3083 1106 3136; x_wconf 90' lang='lat' dir='ltr'>in</span> <span class='ocrx_word' id='word_1_235' title='bbox 1129 3086 1249 3152; x_wconf 87' lang='lat' dir='ltr'>utroque</span> <span class='ocrx_word' id='word_1_236' title='bbox 1275 3089 1346 3138; x_wconf 84' lang='lat' dir='ltr'>atre·</span> 
     </span>
     <span class='ocr_line' id='line_1_30' title="bbox 325 3153 1345 3226; baseline -0.002 -17"><span class='ocrx_word' id='word_1_237' title='bbox 325 3155 462 3209; x_wconf 80' lang='lat' dir='ltr'>urentibus</span> <span class='ocrx_word' id='word_1_238' title='bbox 484 3153 586 3208; x_wconf 87' lang='lat' dir='ltr'>omisso</span> <span class='ocrx_word' id='word_1_239' title='bbox 610 3154 709 3209; x_wconf 85' lang='lat' dir='ltr'>desuet.</span> <span class='ocrx_word' id='word_1_240' title='bbox 820 3156 980 3226; x_wconf 70' lang='lat' dir='ltr'>tringitur</span> <span class='ocrx_word' id='word_1_241' title='bbox 998 3156 1062 3224; x_wconf 88' lang='lat' dir='ltr'>post</span> <span class='ocrx_word' id='word_1_242' title='bbox 1080 3156 1185 3222; x_wconf 80' lang='lat' dir='ltr'>serrum</span> <span class='ocrx_word' id='word_1_243' title='bbox 1208 3154 1238 3207; x_wconf 90' lang='lat' dir='ltr'>in</span> <span class='ocrx_word' id='word_1_244' title='bbox 1256 3170 1345 3225; x_wconf 89' lang='lat' dir='ltr'>marg.</span> 
     </span>
     <span class='ocr_line' id='line_1_31' title="bbox 324 3225 1346 3293; baseline -0.001 -14"><span class='ocrx_word' id='word_1_245' title='bbox 324 3226 458 3280; x_wconf 85' lang='lat' dir='ltr'>additum</span> <span class='ocrx_word' id='word_1_246' title='bbox 476 3225 537 3279; x_wconf 87' lang='lat' dir='ltr'>vult</span> <span class='ocrx_word' id='word_1_247' title='bbox 555 3243 569 3277; x_wconf 93' lang='lat' dir='ltr'>r</span> <span class='ocrx_word' id='word_1_248' title='bbox 587 3227 686 3279; x_wconf 82' lang='lat' dir='ltr'>contre</span> <span class='ocrx_word' id='word_1_249' title='bbox 703 3225 809 3280; x_wconf 88' lang='lat' dir='ltr'>Donati</span> <span class='ocrx_word' id='word_1_250' title='bbox 829 3225 1053 3293; x_wconf 75' lang='lat' dir='ltr'>distinctionem,</span> <span class='ocrx_word' id='word_1_251' title='bbox 1078 3228 1110 3279; x_wconf 93' lang='lat' dir='ltr'>ut</span> <span class='ocrx_word' id='word_1_252' title='bbox 1128 3226 1211 3279; x_wconf 90' lang='lat' dir='ltr'>dccet</span> <span class='ocrx_word' id='word_1_253' title='bbox 1229 3225 1346 3280; x_wconf 84' lang='lat' dir='ltr'>inferius</span> 
     </span>
     <span class='ocr_line' id='line_1_32' title="bbox 324 3297 1344 3368; baseline -0.001 -17"><span class='ocrx_word' id='word_1_254' title='bbox 324 3299 369 3352; x_wconf 85' lang='lat' dir='ltr'>bis</span> <span class='ocrx_word' id='word_1_255' title='bbox 387 3297 469 3367; x_wconf 76' lang='lat' dir='ltr'>pestis</span> <span class='ocrx_word' id='word_1_256' title='bbox 487 3297 617 3367; x_wconf 71' lang='lat' dir='ltr'>cingitur.</span> <span class='ocrx_word' id='word_1_257' title='bbox 677 3302 693 3351; x_wconf 90' lang='lat'>8</span> <span class='ocrx_word' id='word_1_258' title='bbox 712 3304 833 3353; x_wconf 73' lang='lat' dir='ltr'>cedatur</span> <span class='ocrx_word' id='word_1_259' title='bbox 851 3298 904 3351; x_wconf 80' lang='lat' dir='ltr'>th</span> <span class='ocrx_word' id='word_1_260' title='bbox 922 3303 1076 3352; x_wconf 80' lang='lat' dir='ltr'>certaturus</span> <span class='ocrx_word' id='word_1_261' title='bbox 1093 3315 1108 3349; x_wconf 92' lang='lat' dir='ltr'>r</span> <span class='ocrx_word' id='word_1_262' title='bbox 1125 3297 1258 3352; x_wconf 80' lang='lat' dir='ltr'>certaturi</span> <span class='ocrx_word' id='word_1_263' title='bbox 1276 3297 1319 3351; x_wconf 89' lang='lat' dir='ltr'>ed.</span> <span class='ocrx_word' id='word_1_264' title='bbox 1341 3298 1344 3368; x_wconf 75' lang='lat' dir='ltr'>l</span> 
     </span>
     <span class='ocr_line' id='line_1_33' title="bbox 324 3368 1310 3435; baseline -0.005 -11"><span class='ocrx_word' id='word_1_265' title='bbox 324 3370 467 3435; x_wconf 73' lang='lat' dir='ltr'>ceresertur</span> <span class='ocrx_word' id='word_1_266' title='bbox 484 3368 543 3423; x_wconf 82' lang='lat' dir='ltr'>th.</span> <span class='ocrx_word' id='word_1_267' title='bbox 600 3374 616 3421; x_wconf 88' lang='grc'>9</span> <span class='ocrx_word' id='word_1_268' title='bbox 635 3369 758 3435; x_wconf 79' lang='lat' dir='ltr'>effectum</span> <span class='ocrx_word' id='word_1_269' title='bbox 775 3369 801 3422; x_wconf 84' lang='lat' dir='ltr'>It</span> <span class='ocrx_word' id='word_1_270' title='bbox 820 3386 889 3423; x_wconf 89' lang='lat' dir='ltr'>corr.</span> <span class='ocrx_word' id='word_1_271' title='bbox 908 3385 930 3423; x_wconf 89' lang='lat' dir='ltr'>r.</span> <span class='ocrx_word' id='word_1_272' title='bbox 992 3374 1024 3423; x_wconf 87' lang='lat'>11</span> <span class='ocrx_word' id='word_1_273' title='bbox 1044 3370 1096 3424; x_wconf 87' lang='lat' dir='ltr'>iret</span> <span class='ocrx_word' id='word_1_274' title='bbox 1113 3368 1166 3421; x_wconf 87' lang='lat' dir='ltr'>LR</span> <span class='ocrx_word' id='word_1_275' title='bbox 1184 3369 1248 3422; x_wconf 84' lang='lat' dir='ltr'>isset</span> <span class='ocrx_word' id='word_1_276' title='bbox 1267 3368 1310 3421; x_wconf 92' lang='lat' dir='ltr'>ed.</span> 
     </span>
     <span class='ocr_line' id='line_1_34' title="bbox 327 3438 1347 3511; baseline 0 -19"><span class='ocrx_word' id='word_1_277' title='bbox 327 3446 362 3494; x_wconf 77' lang='lat'>14</span> <span class='ocrx_word' id='word_1_278' title='bbox 380 3440 447 3507; x_wconf 79' lang='lat' dir='ltr'>fecit</span> <span class='ocrx_word' id='word_1_279' title='bbox 464 3438 517 3492; x_wconf 83' lang='lat' dir='ltr'>LIt</span> <span class='ocrx_word' id='word_1_280' title='bbox 534 3440 608 3508; x_wconf 86' lang='lat' dir='ltr'>quod</span> <span class='ocrx_word' id='word_1_281' title='bbox 623 3440 646 3505; x_wconf 80' lang='lat' dir='ltr'>f.</span> <span class='ocrx_word' id='word_1_282' title='bbox 666 3440 708 3493; x_wconf 91' lang='lat' dir='ltr'>ed.</span> <span class='ocrx_word' id='word_1_283' title='bbox 790 3445 895 3494; x_wconf 77' lang='grc'>16-17</span> <span class='ocrx_word' id='word_1_284' title='bbox 914 3440 1073 3511; x_wconf 73' lang='lat' dir='ltr'>degentibus</span> <span class='ocrx_word' id='word_1_285' title='bbox 1091 3457 1125 3494; x_wconf 81' lang='lat' dir='ltr'>en</span> <span class='ocrx_word' id='word_1_286' title='bbox 1142 3439 1196 3493; x_wconf 68' lang='grc' dir='ltr'>[Β</span> <span class='ocrx_word' id='word_1_287' title='bbox 1213 3439 1247 3492; x_wconf 87' lang='lat' dir='ltr'>de</span> <span class='ocrx_word' id='word_1_288' title='bbox 1264 3440 1347 3493; x_wconf 85' lang='lat' dir='ltr'>uersi·</span> 
     </span>
     <span class='ocr_line' id='line_1_35' title="bbox 325 3509 1347 3582; baseline -0.004 -16"><span class='ocrx_word' id='word_1_289' title='bbox 325 3515 378 3566; x_wconf 85' lang='lat' dir='ltr'>bns</span> <span class='ocrx_word' id='word_1_290' title='bbox 395 3509 419 3563; x_wconf 75' lang='grc' dir='ltr'>τ’</span> <span class='ocrx_word' id='word_1_291' title='bbox 438 3510 603 3566; x_wconf 80' lang='lat' dir='ltr'>discedentes</span> <span class='ocrx_word' id='word_1_292' title='bbox 620 3528 654 3565; x_wconf 82' lang='lat' dir='ltr'>ec</span> <span class='ocrx_word' id='word_1_293' title='bbox 672 3510 714 3565; x_wconf 91' lang='lat' dir='ltr'>ed.</span> <span class='ocrx_word' id='word_1_294' title='bbox 735 3512 953 3582; x_wconf 70' lang='lat' dir='ltr'>intellegentibus</span> <span class='ocrx_word' id='word_1_295' title='bbox 970 3528 1005 3565; x_wconf 81' lang='lat' dir='ltr'>en</span> <span class='ocrx_word' id='word_1_296' title='bbox 1022 3527 1072 3564; x_wconf 90' lang='lat' dir='ltr'>nos</span> <span class='ocrx_word' id='word_1_297' title='bbox 1097 3511 1132 3565; x_wconf 80' lang='lat' dir='ltr'>cl.</span> <span class='ocrx_word' id='word_1_298' title='bbox 1152 3516 1204 3564; x_wconf 78' lang='grc'>533</span> <span class='ocrx_word' id='word_1_299' title='bbox 1228 3510 1274 3579; x_wconf 92' lang='lat' dir='ltr'>(de</span> <span class='ocrx_word' id='word_1_300' title='bbox 1293 3510 1347 3563; x_wconf 91' lang='lat' dir='ltr'>hoc</span> 
     </span>
     <span class='ocr_line' id='line_1_36' title="bbox 326 3581 1310 3652; baseline -0.003 -16"><span class='ocrx_word' id='word_1_301' title='bbox 326 3581 419 3636; x_wconf 82' lang='lat' dir='ltr'>dativi</span> <span class='ocrx_word' id='word_1_302' title='bbox 437 3598 491 3634; x_wconf 89' lang='lat' dir='ltr'>usu</span> <span class='ocrx_word' id='word_1_303' title='bbox 509 3600 533 3636; x_wconf 91' lang='lat' dir='ltr'>v.</span> <span class='ocrx_word' id='word_1_304' title='bbox 553 3582 670 3651; x_wconf 83' lang='lat' dir='ltr'>Madvig</span> <span class='ocrx_word' id='word_1_305' title='bbox 687 3598 805 3652; x_wconf 73' lang='lat' dir='ltr'>gramm.</span> <span class='ocrx_word' id='word_1_306' title='bbox 826 3588 877 3637; x_wconf 77' lang='lat'>241</span> <span class='ocrx_word' id='word_1_307' title='bbox 897 3601 923 3635; x_wconf 89' lang='lat' dir='ltr'>n.</span> <span class='ocrx_word' id='word_1_308' title='bbox 939 3585 974 3652; x_wconf 87' lang='lat'>6).</span> <span class='ocrx_word' id='word_1_309' title='bbox 1036 3587 1069 3635; x_wconf 88' lang='grc'>19</span> <span class='ocrx_word' id='word_1_310' title='bbox 1087 3597 1150 3636; x_wconf 85' lang='lat' dir='ltr'>uero</span> <span class='ocrx_word' id='word_1_311' title='bbox 1167 3581 1193 3633; x_wconf 88' lang='lat' dir='ltr'><strong>R</strong></span> <span class='ocrx_word' id='word_1_312' title='bbox 1211 3582 1271 3635; x_wconf 79' lang='lat' dir='ltr'>cire</span> <span class='ocrx_word' id='word_1_313' title='bbox 1288 3598 1310 3633; x_wconf 86' lang='lat' dir='ltr'>r.</span> 
     </span>
     <span class='ocr_line' id='line_1_37' title="bbox 326 3652 1348 3723; baseline -0.003 -16"><span class='ocrx_word' id='word_1_314' title='bbox 326 3659 363 3707; x_wconf 83' lang='lat'>20</span> <span class='ocrx_word' id='word_1_315' title='bbox 378 3653 557 3723; x_wconf 84' lang='lat' dir='ltr'>possiderant</span> <span class='ocrx_word' id='word_1_316' title='bbox 574 3652 634 3706; x_wconf 83' lang='lat' dir='ltr'>LR.</span> <span class='ocrx_word' id='word_1_317' title='bbox 708 3659 741 3709; x_wconf 84' lang='lat'>21</span> <span class='ocrx_word' id='word_1_318' title='bbox 762 3656 890 3723; x_wconf 79' lang='lat' dir='ltr'>temperis</span> <span class='ocrx_word' id='word_1_319' title='bbox 908 3652 1033 3707; x_wconf 88' lang='lat' dir='ltr'>deletum</span> <span class='ocrx_word' id='word_1_320' title='bbox 1051 3652 1112 3708; x_wconf 89' lang='lat' dir='ltr'>vult</span> <span class='ocrx_word' id='word_1_321' title='bbox 1129 3669 1151 3706; x_wconf 88' lang='lat' dir='ltr'>r.</span> <span class='ocrx_word' id='word_1_322' title='bbox 1229 3657 1264 3705; x_wconf 77' lang='lat'>24</span> <span class='ocrx_word' id='word_1_323' title='bbox 1282 3652 1348 3720; x_wconf 89' lang='lat' dir='ltr'>post</span> 
     </span>
     <span class='ocr_line' id='line_1_38' title="bbox 325 3722 1347 3793; baseline -0.004 -12"><span class='ocrx_word' id='word_1_324' title='bbox 325 3726 398 3793; x_wconf 77' lang='lat' dir='ltr'>ferri</span> <span class='ocrx_word' id='word_1_325' title='bbox 417 3722 542 3793; x_wconf 81' lang='lat' dir='ltr'>spatium</span> <span class='ocrx_word' id='word_1_326' title='bbox 559 3724 691 3778; x_wconf 88' lang='lat' dir='ltr'>undecim</span> <span class='ocrx_word' id='word_1_327' title='bbox 710 3724 871 3779; x_wconf 78' lang='lat' dir='ltr'>litterarum</span> <span class='ocrx_word' id='word_1_328' title='bbox 888 3728 972 3779; x_wconf 86' lang='lat' dir='ltr'>vacat</span> <span class='ocrx_word' id='word_1_329' title='bbox 988 3723 1020 3777; x_wconf 87' lang='lat' dir='ltr'>in</span> <span class='ocrx_word' id='word_1_330' title='bbox 1034 3723 1056 3777; x_wconf 87' lang='lat' dir='ltr'>L</span> <span class='ocrx_word' id='word_1_331' title='bbox 1075 3723 1264 3792; x_wconf 88' lang='lat' dir='ltr'>supplendum</span> <span class='ocrx_word' id='word_1_332' title='bbox 1277 3723 1347 3792; x_wconf 89' lang='lat' dir='ltr'>pnto</span> 
     </span>
     <span class='ocr_line' id='line_1_39' title="bbox 327 3795 972 3865; baseline -0.003 -15"><span class='ocrx_word' id='word_1_333' title='bbox 327 3803 358 3850; x_wconf 88' lang='lat' dir='ltr'>nt</span> <span class='ocrx_word' id='word_1_334' title='bbox 377 3813 440 3851; x_wconf 82' lang='lat' dir='ltr'>enne</span> <span class='ocrx_word' id='word_1_335' title='bbox 457 3795 534 3851; x_wconf 81' lang='lat' dir='ltr'>uidit.</span> <span class='ocrx_word' id='word_1_336' title='bbox 609 3802 643 3849; x_wconf 68' lang='lat' dir='ltr'>ab</span> <span class='ocrx_word' id='word_1_337' title='bbox 661 3798 738 3851; x_wconf 83' lang='lat' dir='ltr'>renis</span> <span class='ocrx_word' id='word_1_338' title='bbox 755 3796 780 3849; x_wconf 90' lang='lat' dir='ltr'><strong>R</strong></span> <span class='ocrx_word' id='word_1_339' title='bbox 798 3813 852 3865; x_wconf 68' lang='grc' dir='ltr'>(μισ</span> <span class='ocrx_word' id='word_1_340' title='bbox 870 3798 932 3851; x_wconf 82' lang='lat' dir='ltr'>ruis</span> <span class='ocrx_word' id='word_1_341' title='bbox 950 3813 972 3849; x_wconf 87' lang='lat' dir='ltr'>r.</span> 
     </span>
    </p>
   </div>
   <div class='ocr_carea' id='block_1_5' title="bbox 0 0 1636 4350">
    <p class='ocr_par' dir='ltr' id='par_1_5' title="bbox 0 0 1636 4350">
     <span class='ocr_line' id='line_1_40' title="bbox 0 0 1636 4350; baseline 0 0"><span class='ocrx_word' id='word_1_342' title='bbox 0 0 1636 4350; x_wconf 95' lang='lat' dir='ltr'> </span> 
     </span>
    </p>
   </div>
  </div>
 </body>
</html>
