3250 4350
687 428 884 483 palumbos
904 428 942 481 VI
1267 429 1333 494 573

314 603 385 657 turre
403 601 509 673 epomet
526 600 671 658 tumulum
689 598 813 658 eroeteo
836 599 870 657 in
888 599 970 658 litore
988 601 1107 658 irionem
1125 600 1260 658 constitui
1280 596 1387 673 [eibos

314 688 425 761 mappa
447 689 545 747 monis
567 693 610 747 ter
631 705 698 747 ooee
720 685 861 763 ooooot]:·
881 689 972 762 erexi,
987 689 1113 763 inquit,
1139 687 1260 748 honoris
1287 689 1335 746 tui

315 796 407 836 eausa
429 778 578 836 tumulum
601 779 666 836 sine
689 778 812 850 funere,
836 779 907 853 quia
931 778 1069 836 confusus
1093 777 1180 836 fuisti
1203 779 1333 851 eorpori-

316 866 372 924 bus
386 867 526 924 hostium.
558 885 612 926 neo
626 867 789 942 inquisitus
803 867 929 942 reperiri
943 868 1092 940 potueras,
1106 885 1215 925 nomen
1232 869 1334 925 tamen

283 959 403 1015 stuum
426 955 532 1014 vocavi
555 956 748 1015 sollemniter.
790 973 856 1013 eooe
874 956 965 1013 amiei
983 956 1114 1014 animus:
1138 974 1202 1032 ego,
1225 957 1334 1031 inquit,

315 1064 370 1121 per
392 1064 440 1102 me
463 1063 602 1120 suprema
625 1048 680 1103 tua
699 1043 845 1119 conpleri,
867 1062 928 1102 non
947 1044 1016 1102 aliis
1034 1044 1172 1102 facienda
1190 1046 1332 1103 commisi.

316 1134 414 1192 solent
438 1134 515 1191 enim
538 1153 598 1192 non
620 1134 731 1193 rectius
753 1133 859 1210 peragi
882 1151 958 1208 quae
986 1133 1117 1191 curanda
1145 1133 1333 1192 mandantur.

315 1239 420 1281 nomen
453 1227 479 1281 et
510 1240 596 1281 ormo
632 1223 727 1281 baon
758 1225 891 1280 servom:
923 1223 1059 1298 signatus
1082 1226 1128 1281 est
1156 1223 1239 1282 loeus
1269 1225 1333 1297 ipse

316 1312 436 1369 nomine
459 1314 511 1370 tuo
539 1313 570 1369 et
584 1329 683 1369 ‚arma
708 1310 772 1369 illie
799 1329 868 1369 eum
898 1312 944 1368 tui
966 1311 1105 1369 vocabuli
1132 1311 1333 1387 appellatione

270 1422 302 1462 ro
317 1401 457 1459 decorata
487 1403 569 1473 sunt,
599 1404 633 1458 ut
657 1400 710 1475 qui
732 1399 837 1458 eadem
859 1400 969 1458 viderit
996 1399 1159 1459 arbitretur
1187 1402 1234 1459 tui
1261 1419 1334 1476 quo·

317 1509 374 1566 que
398 1490 509 1548 sumeris
537 1488 600 1548 illie
623 1507 691 1548 ossa
717 1489 880 1549 recondite.
926 1493 964 1557 te,
992 1490 1097 1559 mnino,
1124 1492 1242 1562 nequior?
1268 1507 1334 1548 ooo-

316 1581 426 1650 spicere
449 1583 478 1636 et·
486 1580 591 1652 patrio
609 1578 745 1636 decedens
758 1595 870 1651 ponere
892 1581 986 1636 terra:
1009 1579 1075 1653 feei,
1099 1579 1151 1653 ait,
1174 1598 1235 1637 non
1253 1578 1334 1654 quod

316 1667 411 1741 volui,
431 1666 483 1726 sed
506 1666 590 1743 quod
608 1668 707 1742 potui3
730 1666 835 1742 optavi
858 1668 990 1725 enimte
1012 1669 1142 1745 reperire
1166 1671 1196 1726 et
1218 1669 1251 1726 in
1269 1668 1333 1727 solo

316 1755 416 1832 patrio
439 1759 507 1814 tuas
530 1755 674 1830 reliquias
694 1755 828 1829 condere,
851 1755 933 1831 quod
951 1757 1022 1830 quia
1041 1776 1100 1815 non
1118 1759 1265 1832 provenit,
1288 1757 1334 1815 in-

271 1867 301 1906 1⁶
317 1846 401 1904 venit
423 1844 588 1904 remedium
610 1844 709 1919 dolor,
735 1864 773 1902 ne
796 1845 942 1902 memoria
964 1846 1018 1903 tua
1037 1845 1216 1904 inhonorata
1238 1865 1333 1905 rema-

316 1937 408 1992 neret.
455 1935 496 1992 od
517 1952 592 2008 quae
610 1934 789 1992 Priamides:
811 1932 1000 2010 intellegitur
1021 1934 1182 2008 respondit.
1222 1936 1333 1993 nihilo

317 2024 382 2091 tibi,
410 2026 514 2091 eadee,
542 2024 687 2091 relietum,
715 2025 815 2082 ornata
836 2022 988 2096 Deiphobo
1014 2023 1126 2081 solvisti
1155 2027 1181 2081 et
1208 2024 1324 2095 fumeis
1335 2032 1386 2081 510

316 2114 444 2171 wmbre's:
465 2112 522 2171 hoo
545 2116 590 2172 est
612 2112 699 2189 plene
722 2113 837 2191 gratias
860 2129 956 2189 agere,
979 2114 1024 2186 ut,
1048 2111 1128 2188 quod
1145 2111 1262 2170 Aeneas
1282 2112 1333 2170 ad·

317 2204 411 2261 seruit
433 2205 531 2261 minus
554 2203 669 2261 fastum
690 2202 777 2261 iuxta
798 2202 881 2261 illius
905 2203 1045 2277 exequias
1067 2205 1238 2277 propterea,
1262 2202 1333 2277 quia

272 2313 302 2353 ao
317 2310 424 2367 eorpus
448 2293 510 2350 eius
538 2292 667 2350 inveniri
694 2310 754 2350 non
781 2293 896 2367 potuit,
925 2290 1098 2367 Deiphobus
1127 2290 1238 2348 diceret
1260 2291 1333 2350 satis

317 2380 469 2439 abundare
497 2380 578 2456 quod
608 2381 721 2439 fastum
751 2383 804 2439 est.
850 2380 947 2455 primo
975 2380 1104 2456 quaesiit
1126 2379 1242 2438 Aeneas
1266 2382 1333 2456 quis

317 2472 422 2528 auctor
444 2470 551 2529 fuisset
573 2468 774 2528 deformitatis
799 2471 876 2545 eius,
900 2470 1007 2528 dehine
1028 2468 1146 2527 rettulit
1169 2487 1200 2527 se
1223 2471 1332 2527 eonsti-

301 2552 411 2616 'tuisse
435 2558 462 2617 ei
486 2558 675 2633 sepulchrum
697 2558 819 2634 honoris
843 2577 941 2632 eausa,
964 2559 1015 2617 sed
1037 2557 1098 2632 ille,
1122 2567 1187 2616 eum
1212 2575 1333 2633 respon-

317 2648 408 2721 deret,
423 2650 565 2723 quoniam
579 2665 734 2723 supremae
747 2647 991 2707 honorificentiae
1004 2649 1104 2724 potior
1117 2647 1216 2705 fuerat
1235 2656 1333 2722 eausa,

273 2757 302 2797 as
316 2736 389 2794 huie
411 2738 508 2811 primo
531 2737 694 2811 respondit,
716 2739 752 2795 ut
770 2735 939 2795 ostenderet
958 2754 989 2794 se
1008 2737 1121 2813 gratim
1141 2754 1228 2814 agere
1247 2735 1333 2795 bene-

317 2825 378 2884 fioii
406 2826 482 2900 eius,
515 2825 620 2884 deiude
649 2825 754 2899 rediit,
786 2827 821 2883 ut
848 2825 974 2883 referret
1001 2824 1067 2899 quis
1095 2836 1259 2901 poenarum
1288 2827 1333 2884 in-

317 2914 466 2973 dictarum
495 2918 560 2973 toto
588 2932 710 2990 eorpore
738 2916 844 2973 auotor
866 2912 1019 2972 videretur
1046 2915 1180 2973 extitisse
1203 2915 1251 2973 vel
1274 2934 1333 2990 quo

317 3036 532 3043 .-.-—.---..—

391 3106 405 3153 1
426 3107 450 3155 et
460 3107 520 3153 -2
540 3102 634 3155 oooaor‘
652 3100 732 3154 deest
749 3101 780 3153 in
798 3100 832 3169 V,
852 3101 902 3154 sed
921 3100 1084 3169 explicatur.
1153 3106 1169 3153 6
1184 3118 1236 3169 per
1253 3119 1295 3156 me
1308 3101 1334 3153 V

313 3188 369 3241 pro
386 3189 427 3225 me
446 3171 489 3225 ed.
563 3177 577 3224 ‘1
597 3174 670 3226 euim
682 3171 708 3225 V
726 3189 769 3226 res
787 3172 831 3226 ed.
848 3175 852 3242 Ι
875 3173 1029 3227 mandam
1047 3172 1203 3226 audiantur
1216 3172 1242 3226 V
1261 3175 1333 3227 aste-

317 3244 390 3296 risoo
410 3243 534 3313 signavit
552 3243 623 3317 0le
645 3244 751 3297 temere
772 3245 843 3299 mut.
862 3243 906 3299 ed.
925 3245 998 3313 poet.
1017 3244 1144 3300 curanda
1163 3244 1335 3298 mudantur

316 3317 393 3368 reete
413 3314 540 3383 Hoppius
559 3332 586 3382 p.
598 3313 666 3367 10⁸².
732 3319 766 3367 10
789 3316 909 3369 uiderint
927 3314 1097 3369 arbitrentur
1115 3314 1158 3368 ed.
1223 3319 1255 3368 13
1274 3331 1333 3383 rep·

312 3386 405 3455 periri
422 3385 448 3438 V
467 3402 535 3439 corr.
550 3384 594 3439 ed.
687 3389 791 3439 14-15
810 3387 933 3440 iuvenire
950 3386 1070 3440 medium
1088 3386 1166 3440 dolor
1183 3384 1209 3439 V
1230 3387 1335 3440 invenit

317 3458 466 3511 remedium
484 3457 510 3509 d.
529 3473 580 3510 nos
604 3457 698 3511 inversi
720 3475 743 3512 r.
763 3458 865 3512 doloris
885 3457 929 3511 ed.
1021 3462 1054 3511 15
1073 3474 1122 3511 aec
1140 3455 1165 3508 V
1183 3473 1217 3511 m
1236 3456 1278 3510 ed.

319 3534 352 3581 16
373 3534 454 3596 atque
472 3527 497 3581 V
516 3545 541 3581 a.
556 3528 601 3581 bio
620 3527 662 3582 ed.
682 3528 721 3583 od
756 3545 809 3582 uae
826 3545 885 3581 nos.
980 3532 1013 3581 18
1031 3529 1138 3599 proriae
1156 3526 1182 3581 V
1200 3536 1270 3582 corr.
1289 3526 1333 3581 ed.

373 3604 406 3653 19
429 3598 522 3653 minus
539 3597 566 3651 V
588 3616 690 3655 munus
714 3546 757 3654 ed.
849 3604 883 3652 20
906 3600 1029 3655 inuenire
1047 3598 1073 3652 V
1092 3598 1136 3653 ed.
1160 3600 1200 3652 ·ri
1220 3614 1281 3654 nos.

318 3676 353 3723 25
372 3669 509 3725 ostendere
526 3669 552 3723 V
570 3672 717 3726 osteudens,
730 3670 789 3723 edl*
806 3676 839 3723 ut
856 3672 1005 3725 ostenderet
1021 3686 1073 3724 nos
1091 3669 1137 3740 (of.
1148 3672 1220 3741 327).
1237 3670 1281 3741 lb

316 3742 390 3809 fiais
408 3740 473 3794 edV.
533 3746 567 3794 26
586 3743 706 3810 reficeret
721 3741 748 3795 V
766 3741 879 3807 referret
897 3758 965 3795 corr.
981 3741 1047 3795 edl'.
1102 3746 1208 3795 26-2‘1
1227 3739 1277 3797 ind

317 3817 372 3867 toto
391 3810 417 3865 V
435 3812 467 3866 io
485 3818 539 3867 toto
557 3812 601 3866 ed.
621 3813 790 3868 indictarum
808 3818 863 3867 toto
881 3828 932 3867 nos
951 3812 1037 3883 (afs8,
1048 3814 1083 3883 8).
1159 3858 1162 3864 .
