3250 4350
356 412 419 476 106
634 411 775 467 DONATI
791 411 961 466 INTERPR.
981 411 1089 466 Vnus.

339 582 435 640 :iuste
466 584 588 656 tamque
620 583 684 641 sine
716 583 898 656 praestantis
935 581 1121 641 detrimentis
1153 599 1307 658 expressa,
1339 584 1371 638 ut

355 672 453 745 quivis
481 671 660 730 inhumanus
688 675 718 729 et
746 671 838 729 durus
865 672 1009 730 facillime
1031 670 1209 729 flecteretur.
1254 671 1371 744 prohibe

352 760 495 831 infandos
518 778 537 818 o
559 761 686 819 eoolbem
707 761 797 834 mois,
821 778 915 833 porco
933 762 986 834 pio
1007 760 1108 833 penei
1131 764 1158 818 ct
1173 755 1304 833 propius
1325 777 1371 818 res

355 850 452 922 aspice
473 853 604 907 costros·
629 866 695 908 ecce
717 850 872 924 postulata
894 852 965 908 sunt
986 850 1061 908 triae
1083 868 1121 907 ne
1143 849 1372 908 incenderentur

354 957 454 1011 naves,
477 941 512 996 ut
535 938 704 997 ostenderet
725 956 756 997 se
780 941 811 998 et
833 937 1040 997 necessitatem
1062 937 1171 996 habere
1194 937 1326 996 abeundi
1342 940 1372 996 et
1394 954 1404 994 s

355 1028 540 1085 voluntatem
560 1030 651 1102 atque
670 1046 705 1086 ex
723 1027 779 1086 hoc
797 1030 863 1103 ipso
882 1027 1055 1102 perdoceret
1073 1045 1145 1086 casu
1163 1028 1371 1102 potiusquam

355 1114 394 1174 ad
416 1115 601 1175 inferendam
624 1117 799 1174 violentiam
822 1119 946 1176 venisse.
981 1135 1070 1192 parce
1092 1118 1144 1192 pio
1167 1116 1281 1193 generi3
1305 1134 1372 1175 reus

355 1205 435 1262 enim
457 1205 525 1279 pius
549 1223 611 1264 esse
633 1207 759 1280 incipiet
782 1206 834 1280 qui
857 1208 1030 1280 persecutus
1053 1205 1146 1263 fuerit
1167 1206 1266 1280 pium:
1297 1224 1371 1280 quae

355 1293 509 1367 sanctitas,
532 1293 640 1368 inquit,
663 1313 697 1353 eo
721 1295 850 1369 amplius
872 1294 1018 1353 laedenda
1041 1313 1100 1353 non
1124 1298 1177 1368 est,
1197 1294 1278 1368 quod
1298 1295 1373 1352 hanc

355 1386 466 1441 natura
492 1383 646 1460 sanguinis
674 1386 705 1441 et
732 1383 847 1461 generis
876 1383 973 1457 ducti,
1000 1402 1060 1442 non
1088 1383 1192 1458 aliqua
1218 1383 1407 1442 constrictio

356 1473 422 1549 lege
445 1490 606 1531 servemus.
652 1474 683 1530 et
705 1475 829 1548 propius
852 1490 898 1531 res
923 1473 1021 1549 aspice
1044 1474 1176 1532 nostras:
1207 1473 1301 1530 tertia
1324 1492 1374 1548 pe·

355 1561 423 1619 titio
451 1560 598 1639 generalis
625 1563 683 1620 est:
716 1561 858 1637 quicquid
885 1562 1072 1620 commodum
1098 1566 1235 1620 nostrum
1256 1565 1375 1636 spectat

341 1668 475 1708 oramus
499 1654 533 1708 ut
555 1652 697 1725 praestes.
733 1650 806 1709 haec
829 1669 889 1709 non
911 1651 1048 1726 ponendo
1071 1670 1125 1726 per
1147 1651 1259 1726 species
1283 1652 1375 1709 hone-

356 1739 432 1798 stius
456 1740 615 1815 conplexus
638 1742 691 1813 est,
716 1758 806 1814 quam
826 1741 851 1799 si
870 1740 1040 1818 designaret
1058 1741 1219 1813 evidenter,
1237 1740 1375 1818 intellegi

355 1831 457 1887 tamen
484 1830 585 1904 potest
612 1830 712 1888 omnia
739 1829 807 1888 illos
836 1831 980 1904 consequi
1006 1831 1152 1905 potuisse,
1185 1830 1212 1887 si
1238 1829 1376 1888 favorem
1388 1846 1408 1887 1⁵

356 1920 478 1994 reginae
500 1917 706 1992 plenissimum
724 1918 853 1977 fuissent
871 1920 1031 1978 consecuti.
1066 1919 1193 1994 denique
1213 1918 1376 1977 conciliata

356 2006 435 2064 Dido
463 2009 493 2064 et
520 2006 651 2065 humana
677 2009 763 2065 iuxta
789 2008 871 2082 ipsos
899 2008 960 2065 fuit
987 2010 1017 2065 et
1043 2007 1157 2082 recepit
1183 2007 1318 2082 hospitio
1346 2010 1376 2065 et

357 2099 462 2170 sponte
485 2095 604 2154 infinita
627 2115 750 2154 munera
774 2096 945 2155 constitutis
967 2098 1000 2154 in
1024 2097 1150 2155 navibus
1177 2096 1269 2156 misit.
1317 2114 1376 2154 ooo

357 2203 410 2243 uos
434 2189 486 2244 oct
508 2187 586 2258 ferro
604 2186 731 2260 Libycos
748 2188 895 2259 populare
910 2192 1032 2259 pecator
1049 2189 1182 2246 uenimus
1200 2191 1253 2245 oct
1270 2190 1375 2259 raptos

357 2276 398 2333 od
431 2276 517 2332 litora
548 2280 656 2333 uertere
685 2275 828 2348 praedae,
860 2293 920 2333 ooo
951 2294 985 2334 eo
1012 2278 1057 2334 cis
1085 2278 1182 2334 ocimo
1211 2293 1264 2333 ooo
1292 2280 1409 2334 touton

357 2365 496 2436 superbio
523 2366 620 2422 oletis:
651 2363 780 2423 adsertio
803 2365 993 2423 innocentiae
1017 2384 1084 2424 cum
1106 2364 1285 2439 probatione
1310 2383 1375 2423 sua:

343 2472 412 2511 ¹uec
439 2453 477 2511 ad
505 2453 574 2525 hoc,
602 2454 713 2528 inquit,
740 2456 876 2512 venimus
904 2473 1000 2529 neque
1028 2455 1091 2513 eius
1115 2472 1217 2512 sumus
1239 2457 1374 2527 naturae,

357 2545 392 2600 ut
417 2544 450 2599 in
478 2542 576 2599 aliena
604 2561 757 2601 exeramus
784 2543 926 2618 inprobas
954 2561 1074 2617 manus,
1107 2545 1159 2600 aut
1187 2560 1375 2602 exerceamus

358 2632 566 2707 direptionem,
590 2634 620 2688 et
642 2632 698 2689 hoc
721 2633 749 2690 si
770 2650 939 2708 gereremus
963 2634 1076 2707 animo,
1103 2631 1176 2706 quid
1199 2631 1374 2691 auderemus

357 2719 451 2778 victi?
498 2722 644 2794 quantum
670 2722 772 2778 miseri
798 2722 857 2778 niti
884 2718 1057 2796 possemus?
1103 2719 1141 2778 ad
1167 2719 1405 2794 probationemrr

358 2808 445 2868 istius
468 2809 655 2867 innocentiae
678 2811 809 2883 pertinet
833 2810 913 2884 quod
936 2828 1026 2885 supra
1050 2809 1127 2868 dixit
1145 2811 1261 2883 „ventis
1280 2812 1373 2868 maria

359 2899 459 2955 omnia
483 2896 587 2955 vecti“.
634 2900 660 2957 si
683 2901 763 2956 enim
785 2899 898 2956 vellent
922 2902 975 2957 aut
997 2901 1118 2974 possent
1141 2900 1240 2956 facere
1263 2899 1373 2958 violen-

359 2986 443 3060 tiam,
463 2987 601 3044 fecissent
618 2985 651 3044 in
670 2987 821 3061 aliquibus
840 2990 989 3046 terrarum
1006 2986 1142 3063 partibus
1163 2991 1193 3046 et
1212 2988 1373 3048 caruissent

359 3076 505 3133 violentia
527 3076 627 3149 maris,
651 3095 742 3151 quam
765 3096 819 3151 per
842 3079 942 3134 omnia
965 3077 1056 3136 litora
1078 3077 1289 3153 naufragando
1312 3096 1372 3152 per·

359 3167 520 3223 senserant.
555 3166 749 3224 novissimum
768 3170 978 3242 argumentum
999 3166 1164 3241 probabilis
1187 3168 1372 3225 innocentiae
1382 3181 1403 3221 so

359 3255 419 3310 fuit
443 3253 522 3328 quod
544 3256 693 3330 posterius
711 3256 815 3330 posuit
833 3253 1002 3329 ,‚oramus“;
1025 3255 1124 3313 nullus
1144 3256 1224 3313 enim
1243 3254 1371 3333 rogando

432 3442 526 3509 Spiris
539 3442 721 3497 csseResseL
734 3443 777 3495 ed.
795 3445 798 3510 Ι
815 3441 967 3509 incipited.
1015 3448 1030 3494 9
1046 3442 1184 3496 laedendo
1194 3441 1248 3495 LR
1258 3441 1369 3496 corni!

359 3529 417 3565 ooo
436 3530 488 3565 om.
504 3513 529 3564 R
548 3512 611 3565 add.
632 3531 653 3566 r.
729 3519 760 3566 12
780 3521 805 3567 et
824 3513 876 3565 th
894 3520 932 3567 est
950 3521 975 3567 et
993 3514 1035 3566 ed.
1055 3520 1094 3567 est
1111 3530 1169 3565 nos.
1187 3517 1190 3581 Ι
1209 3516 1246 3566 ad
1265 3527 1371 3568 eonemc

361 3584 425 3636 dom
446 3585 487 3636 ed.
546 3590 577 3636 16
597 3586 715 3649 fecissent
733 3585 841 3638 omed.
898 3590 931 3636 22
950 3602 984 3638 oe
1003 3586 1106 3637 adhoc
1124 3584 1177 3636 LR
1194 3582 1371 3639 recalued.

410 3662 443 3706 31
461 3656 605 3722 posterius
628 3656 680 3708 LR
703 3658 786 3726 price
814 3672 877 3708 cum
901 3662 968 3723 d=
984 3671 1086 3723 quaere
1110 3674 1136 3720 r,
1165 3656 1216 3708 sed
1241 3658 1372 3724 posterius

337 3728 421 3776 recte
445 3744 477 3779 sc
499 3726 604 3792 habet,
632 3746 690 3783 non
716 3729 794 3783 enim
817 3728 856 3783 ad
871 3726 978 3781 lemma
993 3726 1122 3795 respicit,
1143 3727 1193 3780 sed
1213 3728 1250 3781 ad
1269 3742 1372 3782 versum

323 3795 418 3844 modo
440 3797 607 3856 laudatum.
