3250 4350
557 450 561 455 .
660 401 844 457 AENleOS
862 402 901 456 III
1226 403 1295 468 289

273 570 306 628 in
325 572 443 630 ratione
462 588 565 629 oureus
584 571 708 649 originis
727 590 806 646 suae,
820 571 942 631 Italiam
959 571 1060 646 potius
1079 575 1110 631 et
1130 570 1293 647 Corythum

273 662 370 736 petat.
408 662 538 718 osterum
556 660 701 735 luppiter,
720 660 772 735 qui
792 659 896 720 Cretae
914 659 1075 735 peculiaris
1098 663 1215 720 amator
1237 664 1292 735 est,

274 748 362 807 nobis
388 749 508 824 penitus
536 749 634 824 ipsam
661 749 788 826 denegat
815 749 922 809 sedem
968 767 1056 826 surge
1084 754 1115 808 et
1142 769 1197 828 age
1223 751 1292 809 hor·

273 838 407 896 tantium
425 837 517 896 verba
534 841 604 896 sunt
623 841 654 897 et
670 838 741 898 hino
753 838 869 897 Aeneas
888 838 1056 898 ostenditur
1072 859 1126 915 per
1144 839 1292 899 somnium

229 946 259 986 .s
274 927 387 986 vidisse
410 928 442 986 et
464 927 582 986 audisse
606 945 682 1002 quae
705 927 840 1003 superius
864 928 943 987 dieta
966 929 1050 1002 sunt,
1078 930 1214 1003 quamvis
1238 929 1292 987 alii

274 1019 319 1076 sio
347 1018 509 1091 exponant,
535 1019 571 1074 ut
597 1017 742 1076 insomnis
770 1019 857 1092 quasi
884 1019 946 1076 sine
976 1035 1080 1076 somno
1103 1035 1138 1075 ao
1160 1037 1214 1093 per
1235 1018 1292 1076 hoe

274 1106 407 1182 vigilans
438 1105 640 1183 intellegatur.
687 1124 774 1183 surge
805 1107 900 1184 igitur
927 1109 958 1165 et
984 1107 1057 1164 haee
1085 1107 1182 1165 laetus
1211 1106 1292 1166 diota

273 1196 423 1270 longaevo
441 1196 561 1268 parenti
578 1194 785 1253 indubitanter
803 1213 928 1270 expone:
946 1199 1026 1254 reete
1044 1194 1176 1270 positum
1194 1196 1291 1254 laetus

273 1285 362 1357 refer,
387 1284 459 1358 quia
481 1285 513 1340 in
536 1283 619 1342 luero
642 1283 701 1342 fuit
723 1282 809 1343 labor
831 1284 995 1361 navigandi
1017 1284 1056 1342 ad
1079 1281 1238 1362 Ortygiam
1261 1288 1292 1343 et

228 1392 260 1432 uo
274 1373 379 1431 oblata
407 1374 508 1431 omnia
533 1372 692 1448 perspicua
719 1374 891 1431 narratione
918 1376 1099 1449 perceperat.
1145 1373 1291 1450 longaevo

274 1481 343 1519 oum
361 1462 589 1536 reprehensione
612 1461 730 1521 oceulta
752 1464 923 1538 posuenmt,
943 1464 1015 1537 quia
1037 1480 1137 1520 errare
1158 1482 1219 1521 non
1242 1463 1291 1521 de

273 1550 342 1608 buit
371 1568 459 1608 senex
486 1551 518 1608 in
543 1552 667 1627 oxiginis
692 1569 763 1610 suae
785 1569 883 1609 eausa.
929 1553 1036 1610 talibus
1059 1553 1198 1610 attendes
1220 1553 1292 1611 uisis

271 1644 300 1697 et
317 1656 386 1698 ooee
403 1640 536 1698 deorum:
555 1639 615 1698 duo
634 1642 745 1714 quippe
764 1642 925 1699 extiterant
942 1640 1088 1713 miranda,
1103 1640 1173 1699 deos
1191 1639 1292 1700 videre

274 1727 385 1787 obtutu
412 1730 443 1787 et
469 1729 618 1804 loquentis
642 1729 759 1803 audire;
789 1728 906 1804 quibus,
929 1731 1047 1804 inquit,
1060 1731 1104 1787 ita
1128 1748 1158 1788 se
1181 1729 1291 1788 haben·

233 1835 261 1875 re
273 1816 354 1876 tibus
384 1818 530 1876 attonitus
558 1819 655 1876 factrus
683 1837 751 1876 sum
782 1817 838 1876 hoe
870 1821 915 1877 est
946 1837 1056 1894 pavore
1089 1821 1292 1893 praesentium

273 1907 433 1964 numinum
461 1908 571 1981 stupui.
615 1925 668 1966 nee
694 1924 781 1980 sopor
807 1908 883 1965 illud
908 1911 985 1966 erut:
1016 1927 1076 1966 non
1099 1909 1180 1966 enim
1201 1909 1291 1983 pleno

274 2013 380 2054 somno
402 1995 476 2054 haee
500 1997 553 2052 aut
574 1995 709 2055 videram
732 1998 785 2054 aut
808 1995 971 2055 audieram.
1008 1998 1058 2055 sed
1081 2014 1179 2055 coram
1203 2015 1291 2070 opno-

272 2101 351 2143 seere
380 2083 477 2143 vuitus
503 2085 669 2157 velatasque
701 2103 798 2144 eomas
824 2087 1050 2158 praesentiaque
1081 2102 1135 2143 oro
1161 2087 1291 2154 videbor,

273 2177 308 2232 ut
331 2172 367 2232 fit
390 2192 456 2233 oum
479 2193 540 2232 non
562 2175 649 2250 plene
672 2175 817 2253 vigilatur
838 2194 892 2234 nee
912 2175 998 2250 plene
1017 2174 1171 2233 dormitur.
1209 2193 1291 2234 aooe·

238 2263 365 2322 rodebat
389 2281 423 2321 eo
448 2262 527 2337 quod
551 2265 593 2322 sio
615 2267 760 2323 venerant
782 2264 949 2339 manifesti,
980 2266 1014 2322 ut
1037 2263 1184 2323 dubitatio
1208 2265 1292 2324 nulla

272 2371 307 2411 ex
331 2354 420 2427 parte
443 2351 590 2426 potuisset
613 2354 750 2411 existere:
773 2353 876 2412 vultus
899 2353 979 2411 idem
1002 2352 1064 2411 illis
1086 2352 1185 2411 fuerat
1203 2372 1292 2428 quem

271 2459 426 2514 noveram,
449 2458 550 2499 comae
574 2444 695 2517 opertae
718 2461 753 2500 ex
776 2460 858 2501 more
881 2445 912 2499 et
934 2460 988 2500 ora
1009 2442 1177 2501 manifesta.
1221 2447 1345 2500 tumltu

268 2530 388 2605 pedidus
416 2533 471 2587 toto
493 2532 635 2589 mouebat
657 2548 775 2603 corpore
796 2531 901 2589 sodor:
933 2548 1000 2589 eece
1023 2532 1080 2589 alti
1101 2532 1221 2605 pavoris
1245 2532 1289 2589 in-

270 2620 400 2692 dioium3
432 2620 467 2677 ut
494 2618 573 2677 enim
600 2622 666 2678 toto
690 2638 812 2695 corpore
836 2622 1004 2695 stupuerat,
1033 2620 1075 2678 sie
1098 2622 1129 2677 et
1151 2620 1232 2678 omni
1255 2638 1291 2677 ex

230 2712 360 2785 aparte
392 2707 591 2766 membrorum
624 2708 714 2767 sudor
740 2707 868 2785 frigidus
894 2707 1037 2767 manabat
1063 2711 1095 2766 in
1124 2726 1166 2767 eo.
1212 2708 1292 2783 quod

269 2798 351 2856 dixit
376 2796 466 2855 sudor
487 2796 639 2871 manabat,
662 2798 792 2856 ostendit
814 2797 1032 2855 inmoderatum
1051 2798 1143 2855 fuisse
1162 2799 1192 2855 et
1210 2796 1292 2855 ultra

268 2889 439 2946 humanum
461 2904 581 2944 morem.
616 2886 664 2944 hio
687 2886 763 2944 illud
787 2886 875 2945 debet
898 2886 1014 2945 adverti
1037 2905 1071 2945 ex
1095 2885 1204 2963 frigido
1228 2906 1290 2945 eor-

268 2994 346 3053 pore
375 2977 493 3033 tantum
521 2974 659 3034 sudorem
682 2976 789 3049 exisse,
813 2993 881 3033 eum
904 2977 1019 3034 constet
1042 2976 1120 3033 huno
1142 2976 1291 3035 caloribus

269 3065 433 3142 provocari
451 3081 614 3123 consuesse.
652 3066 752 3123 omnia
769 3065 844 3122 haee
863 3063 1096 3123 oonfirmationis
1115 3067 1192 3140 sunt,
1211 3066 1292 3141 quod

346 3221 361 3267 1
383 3216 414 3268 iu
433 3230 487 3268 om.
502 3215 545 3269 ed.
564 3221 597 3269 ot
613 3234 635 3270 r.
714 3223 729 3270 6
749 3220 924 3284 exponantur
941 3214 963 3266 L
983 3222 1060 3269 -otor
1077 3214 1103 3266 a
1121 3222 1183 3269 -ant
1200 3234 1215 3269 r
1234 3216 1291 3281 ed.;

268 3304 308 3341 an
328 3287 365 3341 ab
384 3286 468 3340 aliia?
541 3288 742 3357 ‘lintelIepa‘tur
759 3286 812 3340 aa
831 3302 899 3340 oorr.
918 3303 933 3339 r
952 3286 994 3340 ed.
1061 3292 1077 3339 8
1097 3287 1223 3357 louperms
1238 3304 1290 3356 pa·

269 3360 360 3411 remis
378 3356 432 3410 LR
450 3372 519 3410 eorr.
539 3360 568 3412 et
586 3360 661 3413 dieta
678 3360 818 3427 transpos.
836 3376 859 3411 r.
880 3360 884 3426 Ι
909 3364 1011 3412 rectum
1029 3358 1148 3424 positum
1166 3358 1218 3410 LR
1237 3360 1291 3412 lae-

269 3436 331 3483 tum
350 3444 512 3496 responsum
529 3428 589 3482 vult
607 3447 621 3482 r
638 3436 706 3485 reete
721 3446 780 3497 pos.
800 3429 844 3483 ed.
901 3434 932 3482 11
953 3430 1001 3497 qui
1018 3428 1044 3480 a
1063 3429 1130 3497 quea
1148 3446 1209 3480 r=
1224 3430 1253 3481 L.

272 3506 306 3553 12
327 3516 429 3553 causae
447 3499 473 3552 a
492 3515 559 3553 corr.
578 3518 599 3553 r.
619 3502 637 3624 A
654 3502 722 3555 risu
740 3499 792 3553 LR
810 3501 895 3555 iusso
913 3500 956 3553 ed.
1031 3504 1064 3553 14
1083 3505 1177 3567 optata
1196 3506 1221 3552 et
1239 3500 1292 3552 LR

270 3579 296 3625 et
315 3576 414 3639 optato
431 3588 446 3622 r
464 3578 586 3639 optem.
602 3587 616 3625 e
639 3614 644 3624 .
664 3572 760 3626 obtutu
777 3588 838 3625 nos.
894 3576 927 3624 16
946 3589 980 3625 ue
995 3570 1046 3624 LE
1064 3587 1112 3625 nee
1130 3588 1151 3623 r.
1209 3577 1241 3624 19
1261 3577 1293 3624 ut

267 3644 308 3696 sit
327 3641 372 3695 ed.
396 3642 457 3764 hui
514 3649 556 3696 ret
572 3642 625 3695 LR
643 3643 686 3696 ed.
707 3658 776 3696 eorr.
794 3660 816 3696 r.
842 3644 847 3711 Ι
876 3644 1005 3697 damiret
1024 3642 1067 3695 ed.
1148 3647 1180 3694 27
1201 3642 1291 3696 debito

269 3711 400 3835 duetiIa
494 3718 520 3766 et
541 3714 680 3768 odoerta'r
701 3714 903 3769 demensum
927 3714 969 3766 ed.
1061 3718 1095 3766 28
1118 3714 1216 3767 eudon
1239 3712 1292 3765 LR

268 3801 343 3839 eorr.
364 3798 380 3836 o
402 3824 408 3835 .

327 3882 389 3923 Don.
403 3881 498 3931 interpr.
512 3883 580 3932 t'erg.
598 3882 644 3923 vol.
658 3882 676 3922 1.
1044 3877 1077 3927 19
