3250 4350
694 433 876 490 suurmos
894 435 934 489 111
1246 399 1325 500 '347

298 603 434 676 offerret,
455 605 518 661 sine
537 603 627 663 dubio
645 604 740 664 hostis
759 604 895 662 hostibus
914 604 983 663 suis.
1021 606 1121 663 omnio
1139 605 1325 664 conlustrans

300 694 381 751 banc
389 694 524 765 primum
543 693 583 752 od
601 693 689 752 litora
707 694 828 752 classem
846 695 982 767 conspuat
998 695 1166 761 venientem,
1184 694 1253 753 duic
1269 712 1325 764 mc,

300 799 501 856 quoecumque
527 783 644 855 fuisset,
672 782 790 842 addici:
821 784 895 841 sotis
922 786 964 841 cst
983 786 1096 855 cenum
1118 784 1253 857 cffoptsse
1274 801 1324 843 oc-

299 871 438 944 faudom.
475 887 526 929 oos
547 873 680 930 colmam
697 872 773 930 hauc
785 873 887 944 potius
905 889 1083 945 quocunque
1101 872 1243 930 absconde
1261 873 1323 931 leto.

270 978 373 1020 scum
401 961 514 1032 omnia,
541 959 654 1035 inquit,
682 960 868 1019 attenderem
896 960 1041 1019 evadendi
1064 960 1210 1019 auxilium
1233 979 1323 1035 quae·

299 1066 386 1123 rens,
414 1048 509 1107 solam
535 1049 625 1107 istam
654 1049 779 1108 classem
806 1049 895 1108 huius
920 1050 1051 1127 regionis
1074 1050 1165 1108 litora
1187 1049 1323 1126 tetigisse

300 1137 452 1216 conspexi,
467 1156 543 1213 quae
561 1155 678 1212 semper
695 1141 819 1212 propter
836 1138 1010 1197 inevitabile
1026 1137 1190 1214 Cyclopum
1208 1139 1322 1196 malum

300 1243 406 1285 omnes
433 1226 581 1304 fugerunt.
629 1229 659 1285 et
687 1228 760 1302 quia
787 1227 904 1285 nullam
931 1227 1088 1303 sperabam
1118 1227 1224 1286 dehinc
1253 1246 1320 1301 pro·

299 1317 460 1374 venturam
475 1316 668 1389 occasionem,
683 1314 784 1374 addixi
798 1334 920 1375 menon
934 1317 1123 1376 considerans
1139 1335 1215 1392 quae
1235 1319 1320 1376 esset

270 1402 378 1479 equid
396 1405 475 1462 enim
493 1406 657 1463 metuerem
674 1404 809 1464 homines
830 1403 994 1481 Cyelopum
1011 1405 1148 1465 manibus
1168 1408 1220 1464 aut
1243 1407 1321 1464 fara·

297 1512 371 1551 rum
394 1494 519 1552 saevitia
539 1493 673 1568 quolibet
691 1497 825 1568 tempore
843 1495 1002 1569 periturus,
1021 1496 1194 1553 existimans
1213 1495 1320 1554 melius

299 1600 375 1655 esse,
399 1583 426 1639 si
447 1581 603 1640 hominum
620 1582 758 1642 manibus
777 1581 951 1641 interirem?
975 1584 1047 1657 quia
1064 1583 1159 1660 igitur
1176 1584 1232 1642 hoc
1251 1602 1320 1643 con·

298 1671 371 1729 silio
395 1669 433 1729 ad
455 1689 507 1730 vos
531 1673 609 1744 veni,
633 1690 694 1746 qua
717 1672 808 1730 vultis
832 1690 880 1729 me
902 1690 998 1746 poena
1021 1673 1193 1732 consumite.

376 1759 432 1818 Vtro
455 1778 490 1818 co
511 1761 593 1833 fotus
616 1766 692 1829 erat,
717 1777 830 1819 samaro
853 1779 919 1819 uun
940 1764 1037 1820 monte
1057 1762 1190 1820 videmus
1212 1765 1373 1835 tpsuaooc

270 1871 281 1910 s
296 1850 378 1908 inter
390 1849 517 1921 pecudes
535 1853 619 1908 cocto
637 1867 668 1908 sc
681 1851 755 1908 mole
767 1853 926 1908 mouentem
934 1854 1084 1922 pastorem
1098 1850 1320 1925 Polyphemum:

297 1940 416 2012 statim,
434 1939 541 2013 inquit,
561 1940 595 1996 ut
612 1937 848 1996 Achaemenides
865 1938 1022 2020 relationis
1045 1956 1117 1997 suae
1140 1939 1231 1996 verba
1250 1957 1318 1998 oon-

297 2026 404 2101 clusit,
437 2045 503 2085 ecce
534 2027 598 2102 ipse
630 2027 715 2086 nobis
747 2026 950 2103 Polyphemus
988 2029 1131 2103 apparuit
1163 2047 1254 2104 agens
1286 2028 1319 2085 in

296 2115 453 2176 montibus
480 2133 588 2192 peoora
615 2120 645 2176 et
673 2116 710 2175 ad
738 2120 811 2176 nota
837 2117 930 2175 litora
957 2117 1070 2175 faciens
1098 2135 1224 2194 gressus.
1271 2136 1318 2175 ex-

295 2205 471 2281 ponendum
493 2207 553 2264 fuit
576 2205 724 2280 quomodo
747 2207 847 2282 potuit
874 2205 975 2265 venire
1003 2209 1148 2266 caecatus.
1194 2210 1319 2265 noverat

270 2296 383 2368 chace,
405 2296 514 2370 inquit,
533 2299 694 2371 antequam
713 2296 814 2354 lumen
834 2296 991 2370 amisisset,
1010 2295 1138 2370 denique
1157 2295 1199 2354 sic
1217 2298 1318 2371 posuit

296 2388 326 2442 et
357 2384 445 2442 litora
476 2389 545 2443 uoto
571 2388 722 2458 petentem.
768 2388 931 2443 monstrum
961 2386 1151 2453 torrendum,
1182 2386 1317 2459 informe,

294 2476 416 2546 irpeas.-
452 2472 582 2532 vidimus
620 2476 785 2532 monstrum
823 2474 855 2530 in
892 2493 951 2548 quo
984 2491 1085 2531 errans
1117 2477 1226 2532 natura
1257 2493 1317 2532 non

294 2563 398 2619 tenuit
428 2564 710 2637 temperamentum
734 2582 816 2620 ⁴nam
850 2562 908 2621 fuit
937 2562 1117 2621 horrendum
1146 2566 1176 2620 et
1203 2561 1316 2620 formae

294 2649 437 2727 ingentis.
475 2653 523 2709 cut
545 2652 643 2711 lumea
666 2652 842 2725 ademptura,
866 2648 971 2710 trunca
992 2668 1115 2710 mcum
1131 2654 1226 2724 ploos
1243 2654 1318 2725 read

270 2744 325 2799 sot
357 2741 478 2814 calipto
509 2742 625 2812 firmat:
660 2741 748 2799 huius
781 2758 898 2819 gressus
930 2742 1036 2799 trunca
1068 2742 1157 2815 pinus
1193 2739 1317 2816 regebat

295 2827 417 2887 abscisa
440 2831 530 2903 atque
554 2830 720 2905 amputatis
743 2831 844 2904 ramis,
862 2829 919 2889 hoc
942 2832 988 2888 est
1010 2830 1100 2889 arbor
1121 2829 1186 2904 pini
1211 2830 1315 2905 cipro

294 2918 406 2976 baculo
438 2918 510 2992 fuit,
543 2938 619 2994 quac
651 2922 752 2994 posset
782 2919 911 2977 informe
942 2918 1072 2978 hominis
1100 2920 1181 2977 caeci
1208 2936 1315 2993 corpus

293 3007 414 3084 ingenti
434 3007 617 3066 fortitudine
645 3027 747 3084 regere
775 3026 810 3067 ac
837 3008 992 3067 sustinere.
1038 3009 1188 3082 lauduuo
1220 3010 1371 3066 cant-ooo

294 3098 400 3153 tantur
422 3113 495 3164 oocs,
520 3114 555 3155 co
576 3097 641 3155 solo
663 3097 797 3169 uoluptas
815 3098 1000 3170 solamenque
1017 3098 1104 3156 moli:
1127 3097 1315 3172 voluptatem

270 3204 333 3243 rex
357 3185 537 3244 animalibus
561 3185 676 3259 habuit,
695 3204 763 3243 cum
787 3186 910 3260 videret,
929 3188 1066 3244 caecatus
1084 3204 1155 3245 vero
1174 3204 1315 3262 pecorum

370 3395 385 3441 2
400 3391 477 3458 prim
495 3390 548 3442 LR
562 3392 686 3461 primum
704 3396 841 3458 spartam
859 3389 903 3444 ed.
985 3396 1001 3442 4
1020 3407 1125 3460 quoquc
1143 3389 1169 3442 R
1187 3406 1313 3458 quocum-

291 3479 346 3529 qoc
365 3479 386 3513 r.
443 3463 646 3531 acaciumque
664 3460 690 3513 R
707 3461 847 3515 caeciliam
864 3479 885 3515 r.
947 3464 1110 3532 fitcte‘qr'ssct
1127 3460 1153 3513 R
1172 3476 1240 3513 corr.
1255 3477 1277 3514 r.

295 3537 311 3584 7
331 3549 402 3600 quae
421 3531 474 3585 LR
492 3534 565 3601 qood
583 3533 626 3586 ed.
683 3537 698 3584 8
716 3532 862 3601 sopierunt
879 3532 932 3586 LR
945 3532 988 3585 ed.
1002 3534 1134 3604 superant
1150 3533 1315 3601 r'fopcraut

291 3603 337 3656 ed.
359 3604 432 3672 post.
488 3610 519 3657 11
536 3605 676 3672 petiturus
689 3602 743 3655 LR
757 3604 900 3671 periturus
917 3604 989 3657 red.
1047 3609 1079 3658 12
1098 3604 1185 3673 ipitur
1204 3602 1312 3656 omed.

350 3680 384 3727 22
408 3691 490 3729 croac
512 3674 564 3727 LR
586 3690 683 3729 errans
710 3690 774 3727 oum
800 3690 904 3743 quaere
930 3674 961 3728 in
987 3691 1076 3745 marg.
1099 3674 1125 3727 r'
1155 3690 1208 3727 om.
1232 3673 1276 3727 cd.

290 3751 329 3798 24
348 3763 463 3800 omnum
480 3745 532 3799 ΒΗ
552 3745 734 3799 confirmatur
752 3744 995 3815 interpretatione.
1076 3752 1110 3799 26
1129 3746 1249 3800 abscissa
1268 3745 1312 3800 ed.

349 3821 382 3869 27
402 3818 434 3870 in
451 3818 543 3884 formo
562 3816 613 3869 LR
632 3816 675 3870 ed.
695 3817 814 3883 informe
832 3816 862 3872 r'.
