3250 4350
220 3915 230 3998 l

316 403 395 456 XXX
720 403 927 492 planissimo

317 572 442 633 schedae
464 570 695 632 Ferrarienses“.
741 573 815 632 haec
838 592 928 648 quam
951 575 1069 652 egregie
1097 591 1164 632 cum
1192 573 1335 630 carminis

315 660 455 720 laudibus
487 663 676 721 consentiant
706 680 793 720 nemo
826 666 872 721 est
903 664 976 738 quin
1003 663 1113 722 videat.
1158 679 1213 720 nec
1239 660 1334 719 dictio

316 750 455 810 carminis
488 749 525 809 ab
556 750 611 809 illa
644 745 742 810 aetate
775 751 874 811 aliena
902 754 959 826 est3
996 770 1067 810 nam
1094 748 1249 827 „praesul‘
1278 768 1333 826 pro

316 839 454 914 episcopo
486 842 519 898 in
552 839 670 898 Servati
697 839 776 915 Lupi
808 841 945 916 epistolis
978 859 1078 917 saepe,
1111 836 1263 915 „culmen“
1297 838 1334 898 de

315 927 462 1005 dignitate
487 927 630 988 abbatum
653 929 812 1004 aliquoties
835 931 1036 988 inveniuntur.
1077 932 1146 1005 post
1169 927 1334 987 Albustum

314 1019 395 1076 intra
428 1036 478 1077 eos
511 1019 654 1076 terminos
687 1017 795 1093 quibus
828 1019 962 1094 „Aldrici
993 1019 1029 1077 de
1065 1020 1159 1078 fratre
1195 1015 1332 1092 nepotis“

316 1109 399 1166 aetas
425 1108 536 1166 natura
561 1106 666 1165 finitur
692 1107 724 1165 'm
752 1107 895 1166 abbatum
918 1108 1153 1166 Ferrariensium
1181 1106 1257 1165 serie
1280 1125 1332 1164 no-

314 1197 389 1254 mini
413 1195 494 1271 quod
516 1198 687 1270 quaerimus
711 1196 793 1256 locus
817 1215 877 1255 non
899 1199 1061 1256 invenitur.
1107 1195 1215 1272 quodsi
1238 1194 1332 1253 Albu-

315 1287 395 1343 stum
422 1286 470 1344 vel
497 1286 625 1362 triginta
651 1285 700 1343 vel
727 1285 801 1344 adeo
830 1288 1050 1364 quinquaginta
1077 1286 1163 1345 annis
1185 1286 1333 1343 minorem

314 1385 405 1450 quam
428 1374 584 1433 Aldricum
606 1377 749 1450 patruum
771 1375 864 1434 luisse
890 1377 1098 1448 statuerimus,
1125 1374 1224 1432 locum
1250 1373 1333 1430 intra

315 1464 446 1539 quinque
474 1463 581 1522 ultima
610 1464 722 1522 saeculi
748 1466 821 1523 noni
848 1464 943 1524 lustra
968 1464 1143 1524 habebimus
1166 1481 1332 1540 congruum

313 1551 404 1610 morti
427 1552 556 1610 hominis
580 1553 631 1628 qui
655 1556 741 1628 „post
764 1553 836 1611 felix
859 1555 977 1612 senium
996 1554 1091 1611 vitam
1110 1571 1178 1612 cum
1195 1555 1331 1626 tempore

313 1639 431 1717 liquit“.
468 1641 537 1700 illos
556 1643 651 1719 igitur
667 1643 748 1700 intra
767 1660 914 1701 annorum
931 1645 1075 1700 terminos
1094 1641 1225 1700 codicem
1243 1638 1331 1718 Regi-

313 1748 435 1788 nensem
459 1732 632 1789 correctoris
655 1749 778 1788 manum
801 1730 915 1790 subisse
940 1733 977 1806 et,
999 1733 1071 1806 quia
1089 1730 1207 1788 librarii
1224 1748 1331 1788 manus

313 1819 374 1877 fere
399 1819 532 1895 aequalis
556 1818 682 1892 videtur,
700 1839 759 1878 non
783 1820 879 1878 multo
903 1823 972 1878 ante
996 1821 1142 1896 scriptum
1165 1836 1229 1877 esse
1251 1821 1332 1876 recte

314 1902 550 1967 existimabimus
574 1910 673 1983 atque,
696 1911 731 1966 ut
753 1909 950 1985 Reginensem
973 1907 1133 1984 posteriori
1155 1909 1236 1983 parti
1258 1909 1332 1966 noni

313 1997 433 2071 saeculi,
457 1998 501 2054 ita
524 1994 758 2055 Laurentianum
783 2001 812 2056 et
826 1998 1008 2057 Vaticanum
1030 1998 1201 2056 litterarum
1223 2015 1333 2073 genere

314 2085 470 2161 aliquanto
494 2086 673 2145 vetustiores
691 2087 786 2160 priori
805 2086 1013 2148 adscribemus
1050 2086 1248 2144 Ferrarienais
1267 2104 1332 2144 mo-

313 2176 426 2235 nachus
454 2176 593 2234 carminis
622 2179 727 2235 auctor
753 2176 891 2250 idemque
919 2179 1067 2235 corrector
1097 2175 1205 2235 codicis
1237 2176 1332 2234 fuisse

313 2264 445 2339 videtur3
464 2266 653 2340 nequeenim
667 2266 730 2323 veri
745 2265 842 2323 simile
861 2267 907 2324 est
926 2264 1043 2324 Servati
1061 2265 1140 2339 Lupi
1158 2264 1331 2339 discipulos,

314 2371 381 2412 cum
409 2371 462 2413 suo
490 2354 522 2411 iu
549 2373 671 2413 numero
699 2353 816 2411 nullum
841 2356 1009 2413 invenirent
1032 2354 1084 2429 qui
1106 2372 1209 2412 versus
1232 2354 1332 2411 facere

313 2446 421 2519 posset,
446 2442 537 2500 alieni
560 2444 734 2501 monasterii
757 2442 902 2501 auxilium
924 2443 1108 2518 implorasse.
1155 2442 1236 2517 apud
1260 2441 1330 2499 Fer-

311 2532 458 2591 rarienses
485 2530 579 2608 igitur
606 2533 734 2606 scriptus
762 2534 911 2591 correctus
935 2535 1116 2605 asservatus,
1143 2535 1178 2589 ut
1200 2530 1331 2603 videtur,

312 2620 388 2679 liber
410 2623 517 2696 postea
538 2623 571 2678 in
593 2621 715 2696 reginae
734 2618 902 2679 Christinae
920 2620 1132 2680 bibliothecam
1151 2622 1242 2694 atque
1259 2619 1330 2676 inde

311 2712 344 2768 in
367 2708 547 2767 Vaticanum
573 2710 664 2767 venit.
710 2711 786 2767 teste
815 2710 1001 2782 „recensione
1028 2729 1119 2768 manu
1148 2710 1329 2784 scriptorum

312 2798 447 2858 codicum
471 2797 522 2872 qui
546 2816 581 2855 ex
602 2797 743 2856 universa
760 2796 941 2856 bibliotheca
955 2797 1103 2857 Vaticana
1120 2800 1205 2856 iussu
1223 2797 1272 2855 Pii
1285 2796 1331 2855 VI

312 2886 462 2963 pontificis
486 2887 609 2943 maximi
631 2886 727 2961 pridie
750 2885 1060 2946 id.1u1.ann11797
1085 2886 1330 2962 procuratoribus

314 2974 470 3035 Gallorum
483 2977 547 3033 iure
562 2974 635 3034 belli
648 2993 700 3034 seu
716 2977 873 3051 pactarum
891 2976 1080 3034 induciarum
1098 2994 1168 3052 ergo
1187 2980 1217 3034 et
1235 2975 1329 3033 initae

311 3066 395 3141 pacis
418 3064 524 3123 traditi
547 3061 647 3123 fuere“
670 3064 720 3122 hic
742 3082 861 3139 quoque
885 3083 965 3138 „nro
985 3067 1049 3123 442
1074 3064 1195 3123 membr.
1218 3066 1251 3122 in
1276 3063 1329 3123 fol.

312 3172 388 3211 max.
413 3155 553 3213 constans
580 3171 670 3229 pagg.
692 3153 754 3212 198
784 3156 895 3212 exarat.
921 3172 996 3213 saec.
1019 3155 1047 3211 X
1074 3155 1185 3212 contin.
1209 3150 1330 3211 claudii

312 3242 425 3302 Donati
447 3242 730 3317 interpretationum
744 3240 989 3317 Vergilianarum
1006 3242 1154 3301 Aeneidos
1173 3241 1265 3302 libros
1283 3241 1329 3299 X“

313 3323 395 3412 (sict)
424 3350 477 3405 „ex
509 3330 612 3389 latinis
643 3329 842 3389 bibliothecae
869 3332 1088 3391 Alexandrinae
1115 3349 1168 3391 seu
1195 3330 1329 3409 Reginae

313 3417 491 3479 Succorum“
518 3420 657 3477 traditus
678 3421 723 3477 est
750 3419 900 3496 habetque
927 3420 1014 3479 hodie
1043 3439 1160 3495 quoque
1187 3421 1220 3477 in
1248 3420 1329 3479 calce

312 3511 431 3586 signum
458 3508 639 3585 reipublicae
663 3506 804 3567 Gallicae.
850 3512 918 3583 post
942 3509 1125 3586 Napoleonis
1153 3508 1269 3567 cladem
1296 3510 1329 3565 in

311 3598 491 3657 Vaticanum
512 3596 724 3656 bibliothecam
741 3596 839 3654 rediit.
855 3628 897 3637 —
917 3598 1031 3657 contuli
1049 3596 1159 3656 codicis
1177 3597 1271 3657 libros
1284 3596 1329 3655 IV

312 3690 343 3747 et
369 3687 398 3744 V
424 3689 505 3746 totos
537 3690 567 3745 et
594 3686 700 3745 decimi
728 3687 874 3761 quantum
902 3690 1047 3762 superest,
1075 3690 1232 3762 praeterea
1259 3705 1329 3762 pro-

293 3775 425 3829 oemium
451 3778 484 3833 et
500 3775 600 3851 primi
622 3775 696 3836 libri
718 3776 843 3854 partem
866 3776 955 3835 anuis
977 3777 1066 3834 iser
1091 3778 1123 3833 et
1141 3776 1244 3848 isca„
1262 3794 1334 3831 oum
