3250 4350
709 402 893 458 muninus
911 403 951 456 1v
971 452 972 455 t
1276 403 1341 470 367

324 590 418 646 quarn
435 572 468 629 in
486 572 583 648 primo
602 571 680 631 libro
699 572 858 648 descripsit
875 563 971 652 (504)
985 574 1119 648 „instans
1131 575 1217 650 operi
1229 572 1341 651 regnis·

323 679 383 736 que
406 658 545 734 futuris“‚
567 661 673 721 dehine
696 661 735 721 nd
756 680 916 736 personam
934 661 1102 736 Tyriorum,
1121 663 1174 737 qni
1196 665 1343 738 occupata

321 750 356 807 in
380 750 448 808 aliis
470 751 577 826 regina
599 750 791 822 deseruerant
815 768 901 808 omne
924 751 1023 826 operis
1045 769 1152 828 genus,
1176 750 1264 809 obliti
1285 751 1341 811 sei·

322 838 396 896 lieet
423 837 529 898 salutis
557 857 637 897 suae.
684 839 811 914 denique
839 857 906 896 enm
931 839 994 896 iam
1016 857 1108 915 opera
1129 858 1283 898 murorum
1306 859 1342 899 ae
1376 847 1383 888 ’ἰ

293 929 453 989 sturmum
481 927 626 987 ordinatis
654 928 800 987 machinis
828 945 921 1003 prope
948 928 1081 1002 perfecta
1107 928 1279 987 viderentur
1311 932 1343 987 et

323 1016 364 1074 ad
382 1016 518 1075 effoetum
536 1017 660 1092 plenum
675 1017 739 1076 sola
753 1015 869 1075 deesset
881 1017 1035 1092 instantia,
1049 1020 1226 1093 torpuerant
1239 1019 1342 1077 omnia

293 1136 298 1147 x
322 1107 355 1164 et
378 1107 511 1164 omnium
534 1125 658 1182 operum
680 1107 781 1165 fervor
799 1105 965 1164 desertione
983 1106 1072 1182 plena
1090 1097 1260 1183 languerat.¹
1291 1106 1340 1165 hie

323 1194 492 1253 ostenditur
508 1198 654 1254 rectorem
678 1195 815 1270 conplere
838 1194 947 1269 omnis,
967 1212 1035 1254 oum
1057 1196 1172 1256 insistit
1194 1198 1224 1254 et
1247 1194 1339 1270 iubet

322 1285 415 1357 atque
443 1286 506 1342 eius
533 1284 724 1363 neglegentia
750 1285 833 1343 omni
857 1283 946 1343 modo
969 1284 1078 1362 frigere
1100 1287 1240 1344 universa
1263 1304 1340 1360 quae

279 1394 306 1434 io
321 1374 393 1430 ante
416 1373 579 1432 fervebant.

391 1460 486 1535 Quum
512 1463 601 1521 simod
628 1481 664 1523 oe
691 1463 745 1521 teti
765 1464 913 1536 persensit
933 1467 1015 1536 peste
1041 1465 1132 1522 teneri
1158 1481 1230 1522 cern
1256 1464 1339 1522 Iovis
1358 1469 1394 1518 90

321 1552 451 1609 eontnne
471 1569 524 1611 nee
545 1552 660 1624 famem
678 1552 792 1610 obstare
809 1553 916 1625 furori,
935 1553 1044 1610 totiens
1062 1553 1233 1625 adpreditnr
1250 1553 1339 1611 Vene-

320 1657 384 1698 rem
405 1638 551 1700 Sotnrret'o
573 1641 673 1701 dietis:
704 1639 765 1714 ubi,
787 1641 896 1715 inquit,
920 1642 1013 1699 sensit
1034 1639 1110 1698 Iuno
1132 1642 1263 1701 furorem
1285 1641 1338 1699 Di·

320 1727 422 1802 donis,
449 1729 505 1788 hoe
533 1732 578 1788 est
600 1749 737 1789 ¹amorem
763 1731 1013 1804 intemperantem
1040 1729 1166 1789 ulterius
1194 1731 1339 1790 ooeultari

278 1836 382 1880 1511011
410 1834 496 1893 posse
523 1836 578 1876 nee
605 1818 714 1877 habere
741 1817 920 1892 remedium,
946 1818 993 1876 his
1019 1817 1107 1878 dietis
1131 1819 1271 1895 adgressa
1294 1822 1339 1879 est

319 1905 476 1964 Venerem.
522 1924 590 1964 eum
618 1906 692 1966 dieit
719 1905 875 1985 adgressa,
902 1905 1034 1966 ostendit
1062 1925 1127 1966 eam
1155 1908 1270 1983 aliquid
1292 1910 1338 1967 in-

319 1995 436 2054 vidiose
460 1995 616 2054 dicturam.
662 1998 806 2071 eprepiom
828 2013 896 2055 vero
919 1996 1037 2055 tandem
1063 2000 1089 2055 et
1115 1997 1211 2069 spotia
1237 1998 1337 2071 arepto

318 2085 435 2156 refertis
457 2088 544 2158 tnqne
560 2102 693 2158 puerque
715 2089 792 2155 nno,
815 2103 956 2158 mopnnm
974 2089 1001 2144 et
1016 2085 1202 2146 mnenon
1218 2103 1336 2155 menen,

317 2192 384 2233 wne
411 2174 475 2233 doto
502 2174 605 2233 dienen
625 2177 653 2234 st
674 2176 786 2248 fenino
808 2178 886 2235 vieto
907 2176 1034 2235 dnerrnn
1057 2179 1113 2234 est:
1143 2194 1264 2254 magna,
1292 2178 1336 2235 iu·
1356 2184 1392 2232 95

277 2286 304 2325 so
320 2263 397 2340 quit,
421 2262 517 2340 gloria
539 2264 625 2323 vobis
647 2267 737 2340 parta
760 2267 812 2339 est
836 2264 894 2323 tibi
916 2265 1032 2323 seilicet
1053 2268 1083 2323 et
1105 2284 1198 2340 puero
1219 2269 1282 2339 tuo,
1302 2283 1337 2324 ex

319 2372 354 2411 eo
385 2351 464 2427 quod
491 2354 610 2429 gemina
637 2356 794 2411 numinum
821 2356 970 2429 potestate
1002 2355 1161 2412 coniuncta
1192 2373 1252 2412 una
1283 2373 1337 2429 per

318 2441 423 2503 dolum
455 2442 567 2501 femina
600 2446 741 2518 superata
772 2446 824 2502 est.
870 2443 944 2502 haee
970 2443 1066 2502 veluti
1092 2443 1158 2508 laus
1185 2444 1336 2518 vitupera·

317 2533 432 2589 tionem
469 2533 570 2605 potius
605 2534 701 2605 tenet,
738 2532 818 2607 quod
854 2532 931 2589 nihil
971 2532 1096 2590 fecerint
1136 2532 1335 2591 memorabile.

317 2622 437 2679 vincere
461 2620 594 2678 enimin
617 2620 753 2697 pertibus
777 2622 886 2679 amoris
909 2621 1052 2679 feminam
1074 2638 1134 2678 non
1157 2624 1203 2679 est
1224 2620 1337 2681 laboris

275 2708 456 2783 semanimi,
486 2711 645 2785 praecipue
670 2728 736 2767 eum
760 2709 884 2769 duorum
909 2709 1065 2767 numinum
1087 2710 1221 2784 potestas
1244 2711 1335 2769 iuter·

317 2797 410 2857 venit.
456 2798 544 2856 huius
572 2798 647 2856 faeti
674 2818 728 2874 per
753 2800 954 2857 oonieeturam
977 2798 1068 2857 edieit
1091 2816 1195 2857 causas
1218 2818 1294 2874 quae
1318 2819 1336 2857 a

317 2887 434 2945 Venere
459 2889 621 2946 'metuente
657 2888 771 2945 traetae
808 2889 890 2947 sunt:
930 2904 983 2947 nee
1013 2905 1071 2954 me,
1108 2887 1221 2963 inquit,
1256 2889 1337 2960 fatte

318 2978 443 3034 veritam
470 2979 495 3033 te
521 2977 637 3035 noento
663 2980 766 3036 nostra
791 2980 940 3049 operm
971 2977 1107 3036 habuisse
1134 2977 1232 3036 domos
1262 2976 1334 3037 Car-

317 3066 447 3137 theptnts
470 3064 555 3123 ettae.
600 3068 635 3123 ut
657 3065 727 3138 hoe,
749 3066 863 3140 inquit,
884 3064 981 3139 fieret,
1004 3065 1077 3141 quid
1100 3066 1237 3125 timueris
1259 3066 1335 3125 seio:

273 3176 302 3216 ω
317 3172 388 3211 nam
412 3171 546 3212 mearum
569 3153 796 3213 inimicitiarum
819 3154 1070 3229 contemplatione
1098 3158 1247 3214 commota
1273 3175 1333 3214 me·

392 3364 405 3411 1
426 3359 543 3411 instanti
561 3357 613 3410 LR
631 3374 700 3412 eorr.
714 3356 767 3427 121
790 3360 879 3427 operis
899 3358 927 3412 L.
1000 3366 1017 3412 4
1036 3376 1176 3414 nemorum
1194 3359 1247 3411 Lu
1263 3360 1334 3413 mnt-

315 3438 408 3485 tornm
427 3429 469 3483 ed.
557 3435 573 3481 ὁ
592 3430 729 3484 nideretwr
747 3428 799 3482 LR
818 3445 886 3483 eorr.
906 3429 950 3483 ed.
1027 3435 1043 3482 9
1063 3432 1122 3484 einis
1139 3446 1188 3483 nee
1205 3430 1258 3482 Lu
1275 3432 1334 3484 eine

315 3501 486 3572 neglegentia
504 3517 518 3552 r
536 3500 580 3553 ed.
642 3507 675 3554 14
693 3502 917 3568 intemperantem
934 3500 987 3554 LR
1004 3507 1108 3555 return
1121 3500 1169 3555 ed.
1231 3505 1264 3553 16
1283 3502 1333 3554 ad-

314 3571 532 3696 preeenLIRRted.
548 3572 722 3695 ugipreeginm?
742 3642 768 3695 V
779 3576 884 3626 26-2'1
904 3590 973 3642 quoe
988 3573 1088 3696 Venegle
1100 3578 1232 3696 ergetmnte
1245 3578 1334 3626 traete

314 3650 462 3782 {initaque
480 3649 617 3767 diffidi>
633 3658 680 3768 eecl'.
701 3660 720 3695 a
735 3683 773 3766 ne'
788 3650 965 3769 33(Ἥῆ
976 3646 1047 3768 (diret
1058 3659 1118 3783 1³1⁰
1125 3644 1263 3783 sitem
1282 3713 1335 3766 alt

315 3803 367 3856 qne
386 3785 450 3838 add.
471 3785 518 3838 ed.'
589 3789 622 3837 28
641 3786 738 3840 domm
756 3784 809 3838 LIt
827 3786 919 3840 domos
936 3804 958 3839 r.
