3250 4350
701 433 885 489 AENEIDOS
902 434 942 488 III
1269 435 1334 500 325

315 617 418 658 vernn
445 602 545 661 eaden
571 620 654 661 nerse
682 605 776 662 tennis
804 621 870 661 cnm
896 605 1017 663 cordine
1043 608 1146 663 centus
1176 604 1285 678 inpulit
1311 609 1337 664 et

316 692 431 748 teneros
454 692 583 750 tnrbeoit
601 695 698 751 ianne
720 693 850 766 frondes,
872 710 1031 765 nnneqnen
1054 694 1157 752 deinde
1179 710 1250 753 cono
1277 699 1388 752 oo450

316 777 435 838 titentia
456 782 601 853 prendere
627 799 699 840 seno
727 799 784 841 nec.
800 798 937 841 revocare
959 784 1032 841 atne
1056 787 1109 841 ont
1130 783 1249 857 inrepere
1272 800 1336 840 eor-

316 870 401 927 mino
432 874 532 928 carot:
572 870 730 930 inconsnlti
762 872 869 930 obennt
900 872 1051 944 sedernrpne
1084 871 1168 930 odere
1198 869 1335 946 Sibyllae.

289 976 430 1016 imorem
457 957 534 1017 dixit
562 957 694 1035 Sibyllae
722 962 752 1018 et
780 979 840 1035 quo
867 960 900 1017 in
927 960 993 1020 loco
1021 961 1061 1020 sit
1088 963 1119 1018 et
1146 978 1205 1035 quo
1234 959 1336 1018 ordine

316 1047 506 1123 singulorum
529 1047 684 1107 desideriis
701 1049 889 1124 respondeat.
926 1049 1027 1123 sumit,
1045 1049 1153 1124 inquit,
1173 1048 1255 1124 folia,
1273 1049 1337 1108 illic

315 1153 461 1210 responsa
483 1136 652 1211 conscribit,
676 1137 797 1196 ordinat
820 1140 851 1196 et
874 1137 1015 1196 dimittit:
1044 1137 1169 1197 veniunt
1191 1137 1336 1213 homines,

316 1223 507 1283 considerant
539 1226 613 1284 folia
645 1230 675 1285 et
707 1227 811 1286 futura
844 1230 1035 1304 cognoscunt.
1082 1226 1133 1285 sed
1163 1226 1218 1285 hoo
1246 1226 1337 1286 habet

315 1331 381 1373 mos
405 1315 471 1389 ipse
494 1317 691 1375 contrarium:
724 1318 836 1392 quippe
860 1318 886 1374 si
913 1317 1020 1375 ventus
1048 1315 1172 1391 inplerit
1198 1317 1278 1376 fores
1306 1318 1337 1375 et

277 1421 302 1461 ro
315 1402 539 1462 ordinationem
557 1405 699 1464 foliorum
717 1405 895 1478 turbaverit,
912 1408 1039 1480 pereunt
1057 1405 1195 1464 consulta
1209 1407 1240 1462 et
1253 1404 1338 1463 dubii

314 1495 453 1550 remeant
485 1494 537 1567 qui
568 1493 710 1553 instructi
736 1494 857 1553 fuerant
883 1494 1017 1552 redituri.
1062 1495 1109 1552 bic
1136 1494 1189 1553 tibi
1214 1511 1251 1553 ne
1278 1512 1338 1568 qno

314 1597 417 1640 rnorae
443 1582 556 1654 fnennt
582 1584 737 1656 dispendio
760 1584 849 1651 nnn,
872 1586 1007 1656 enuncia
1028 1584 1198 1656 increpitent
1219 1585 1290 1642 socii
1312 1587 1339 1642 et

314 1672 346 1727 ni
374 1687 479 1728 enrsns
505 1673 538 1729 in
566 1672 659 1730 cltnrn
685 1674 750 1731 neto
772 1676 851 1731 nocet
867 1674 1021 1745 possisqne
1043 1673 1127 1730 sinns
1149 1672 1261 1745 inplere
1282 1676 1389 1731 se·455

314 1759 437 1826 candos,
461 1761 533 1833 qnin
556 1761 646 1820 odeas
668 1764 764 1821 oeten
780 1762 974 1835 preeibnsqne
996 1762 1118 1820 oraculo
1135 1778 1252 1834 poscas,
1270 1763 1338 1834 ipse

273 1866 299 1908 ιι
314 1851 408 1908 cenot
438 1865 588 1922 noeenqne
618 1849 716 1908 colens
748 1854 834 1923 otene
865 1868 920 1909 ore
945 1849 1085 1909 resolvet:
1121 1851 1197 1925 noli,
1229 1851 1337 1926 inquit,

314 1937 427 1996 anxius
446 1955 508 1997 esse
528 1937 563 1996 de
582 1958 680 2014 mora3
702 1939 775 1998 licet
798 1942 878 1998 enim
901 1939 1057 1998 clamitent
1080 1941 1162 2013 socii,
1184 1938 1256 1997 licet
1279 1940 1337 1998 ele-

312 2028 421 2084 menta
443 2027 656 2105 suffragentur,
684 2048 721 2087 ne
743 2031 855 2107 naviga
878 2029 962 2104 prius
985 2046 1076 2104 quam
1100 2027 1246 2104 Sibyllam
1269 2045 1338 2087 con-

313 2115 414 2189 sulas3
436 2116 571 2192 proderit
590 2117 670 2176 enim
688 2117 746 2177 tibi
764 2118 934 2178 istiusmodi
952 2116 1090 2193 tarditas,
1109 2120 1144 2176 ut
1162 2117 1338 2177 instructior

313 2204 418 2263 abeas.
464 2208 531 2281 quis
560 2226 622 2266 esse
650 2207 745 2282 possit
773 2207 861 2267 huius
884 2208 929 2265 rei
951 2208 1067 2266 fructus
1091 2207 1252 2267 subnectit:
1283 2208 1338 2266 ilie

270 2314 299 2355 ao
314 2295 371 2353 tibi
390 2294 499 2353 Italiae
516 2297 644 2370 popnios
666 2300 846 2370 eentnrcqne
868 2295 944 2355 bello
967 2300 993 2355 et
1015 2313 1070 2370 qne
1094 2314 1232 2369 qnennne
1254 2297 1337 2354 modo

313 2383 474 2456 fnpiosqne
496 2385 632 2458 snosqne
655 2386 783 2445 lotorem
806 2386 934 2459 expediet
956 2403 1115 2459 monsque
1137 2386 1218 2443 dubit
1244 2390 1389 2443 nene-460

313 2476 387 2531 reto
405 2474 554 2532 secundos.
589 2475 660 2534 hoec
677 2479 747 2534 snnt
764 2493 839 2549 qnae
856 2479 957 2533 nostro
975 2476 1060 2534 licent
1081 2478 1108 2532 te
1129 2491 1196 2532 noce
1217 2476 1336 2531 moneri.

313 2562 400 2635 ipsa,
423 2562 538 2637 inquit,
564 2563 622 2621 tibi
645 2563 741 2622 edicet
763 2583 841 2640 quae
865 2583 919 2641 ego
942 2563 1102 2639 prohibeor
1125 2564 1253 2637 aperire,
1282 2562 1337 2621 sci-

314 2650 391 2709 licet
417 2670 493 2725 quae
520 2651 663 2729 ingruant
689 2652 783 2727 bella,
816 2655 869 2728 qui
894 2653 1001 2729 populi
1028 2673 1044 2711 e
1072 2652 1189 2712 diverso
1218 2652 1338 2710 venturi

270 2759 299 2801 aa
315 2741 381 2798 sint
409 2741 439 2796 et
467 2742 616 2815 quomodo
645 2742 779 2818 singulos
806 2741 924 2802 labores
952 2742 1000 2800 vel
1022 2741 1179 2801 tolerando
1202 2744 1337 2799 transeas

314 2828 368 2887 vel
392 2829 559 2903 superando
583 2848 750 2906 conpescas
788 2831 935 2891 conclusit
957 2830 1088 2889 Helenus
1112 2848 1254 2907 responsa
1270 2830 1337 2887 'lae-

313 2920 385 2976 tum
411 2916 534 2976 Aenean
562 2918 729 2994 dimittens,
757 2921 851 2977 etiam
877 2920 1016 2978 hoitatur
1044 2918 1154 2979 additis
1181 2920 1257 2977 node
1285 2936 1338 2991 ope

316 3009 346 3065 et
376 3007 519 3080 inpenteen
550 3010 637 3081 fectis
668 2998 719 3083 fer
746 3010 786 3067 ad
819 3010 935 3068 aethera
965 3010 1092 3067 licien.
1138 3009 1199 3082 fac,
1228 3007 1338 3083 inquit,

315 3097 472 3172 ingentem
500 3095 622 3156 Troiam
649 3117 705 3174 pro
732 3099 840 3157 merito
867 3101 928 3156 tuo.
975 3098 1126 3175 ingentem
1153 3097 1234 3171 ideo,
1267 3096 1339 3172 quia

393 3251 408 3299 9
427 3248 542 3317 inpleret
560 3248 613 3301 LR
635 3249 779 3317 inpleverit
796 3266 810 3301 r
833 3248 877 3303 vel
900 3250 1034 3317 inpulerit
1057 3249 1150 3303 adnot.
1171 3247 1198 3301 r'
1219 3249 1340 3317 implerit

315 3318 362 3372 ed.
448 3323 481 3371 10
500 3320 587 3373 dnbio
604 3319 657 3372 th
676 3322 728 3374 -bii
745 3338 760 3373 r
778 3320 822 3374 ed.
910 3327 943 3373 13
962 3326 1055 3374 nocent
1073 3320 1128 3373 LR
1145 3327 1227 3375 occet.
1237 3318 1338 3387 scripsi

315 3407 384 3443 oum
403 3388 446 3442 cd.
465 3389 582 3459 interpr.
601 3393 701 3445 neutro
720 3390 848 3445 inclinat.
872 3392 876 3462 Ι
902 3408 1046 3460 possesqne
1063 3390 1116 3444 LR
1134 3407 1203 3445 corr.
1222 3408 1243 3444 r.
1268 3392 1272 3459 Ι
1300 3391 1339 3443 si-

315 3477 381 3515 mne
399 3459 428 3513 L.
522 3467 555 3515 14
570 3468 668 3530 portus
685 3461 739 3515 LR
752 3479 852 3531 poscas
869 3480 891 3516 r.
983 3467 1015 3515 17
1034 3478 1084 3515 nee
1101 3463 1210 3583 noeipp
1222 3460 1275 3513 th
1293 3459 1336 3513 ed.

315 3549 352 3586 ne
371 3550 399 3585 n.
414 3548 441 3600 r,
461 3532 537 3601 quod
555 3535 649 3602 recepi
667 3535 784 3602 propter
801 3536 873 3588 enine
892 3533 937 3602 (cf.
958 3536 1028 3602 394).
1050 3535 1054 3603 Ι
1071 3538 1170 3601 portne
1216 3532 1241 3583 a
1256 3533 1340 3599 prins

314 3621 331 3656 r
351 3602 396 3656 ed.
489 3609 522 3658 18
541 3606 688 3673 prodenirn
711 3607 763 3659 erit
780 3605 802 3657 L
821 3606 948 3673 proderit
969 3607 1041 3659 enine
1063 3604 1094 3657 in
1115 3618 1215 3656 rasura
1233 3601 1265 3655 a.

317 3681 352 3729 19
372 3674 473 3728 babens
490 3674 544 3728 LR
567 3676 649 3729 abeas
666 3693 680 3728 r
699 3676 741 3729 ed.
851 3681 884 3728 22
903 3676 1035 3730 secandos
1053 3675 1105 3727 th
1126 3674 1253 3729 sacerdos
1270 3671 1310 3725 r''.
1332 3672 1335 3738 l

315 3745 422 3800 moneri
439 3746 465 3798 R
483 3762 552 3801 corr.
572 3744 603 3801 r'.
681 3752 715 3800 26
733 3763 878 3815 conpescere
896 3747 949 3800 LR
966 3748 1073 3816 enitipee
1091 3745 1135 3800 ed.
1161 3748 1165 3814 Ι
1194 3759 1313 3814 responr

316 3816 371 3869 th
390 3832 459 3870 oon.
475 3817 518 3871 ed.
593 3822 626 3870 27
646 3818 751 3872 additis
768 3818 821 3871 LR
838 3819 882 3873 bis
899 3837 925 3873 a.
944 3836 965 3872 r.
983 3822 987 3887 Ι
1008 3835 1058 3889 ope
1075 3816 1128 3869 LR
1146 3822 1172 3871 et
1190 3814 1301 3887 suppl-¹
