3250 4350
354 408 398 471 74
634 407 775 461 Doxm
791 407 961 463 launum
980 406 1088 462 VERG.

353 578 434 635 euim
464 575 630 636 ditimimus
661 577 728 655 agri
753 576 948 636 Phoenicum
993 577 1074 653 quod
1100 581 1202 636 autem
1231 577 1310 636 dixit
1337 579 1366 636 et

352 685 463 742 magno
494 665 621 725 miserae
651 665 778 726 dilectus
809 685 924 740 amore,
954 660 1069 746 [dixit]
1095 671 1132 726 ut
1156 667 1228 726 inde
1254 667 1366 726 suetum

352 755 560 832 Pygmalionis
576 758 675 832 magis
691 758 849 833 magisque
869 759 1055 832 gnnrctur,
1077 756 1159 831 quod
1181 755 1366 816 niissimum

352 846 449 903 sorori
469 847 622 903 necaverit
643 846 751 916 virum,
778 847 828 904 oui
848 848 937 920 pater
957 848 1104 904 intactam
1126 845 1259 919 dederat,
1280 848 1317 904 ut
1336 847 1367 904 iu

353 932 480 1008 Sychaei
505 951 578 992 neue
604 934 698 992 eliam
723 938 828 992 contra
855 934 1000 992 iudicium
1025 935 1123 1010 patris
1149 935 1246 993 melus
1274 933 1396 994 admi-s

299 1022 435 1082 350sisse
456 1023 603 1081 videatur.
647 1023 724 1081 dun
745 1025 826 1096 ferro
849 1026 998 1082 immin
1020 1029 1157 1096 ειμι-νώ
1187 1024 1267 1082 olam
1288 1023 1367 1100 quod

351 1113 463 1188 posuit,
485 1117 594 1188 gravat
615 1111 822 1189 Pygmalionis
844 1131 979 1185 causam3
1015 1113 1117 1171 nullus
1144 1115 1225 1171 enim
1252 1112 1368 1188 aliquid

352 1202 384 1258 iu
407 1201 526 1261 occulto
547 1201 684 1260 admittit
700 1201 761 1261 uisi
780 1202 834 1276 qui
852 1205 929 1260 sciat
946 1220 979 1260 se
996 1202 1115 1260 inlicita
1132 1202 1367 1261 commissurum.

352 1296 472 1366 praeter
493 1291 550 1350 hoe
572 1293 665 1349 etiam
686 1291 763 1348 illud
785 1291 925 1368 intellegi
945 1294 1059 1367 potest,
1080 1291 1150 1350 ideo
1172 1291 1265 1364 olam,
1287 1293 1368 1367 quia,

352 1382 378 1439 si
409 1381 513 1456 palam
543 1379 660 1455 aliquid
691 1386 851 1439 conaretur
881 1381 1053 1454 admittere,
1088 1380 1170 1439 salus
1200 1380 1399 1440 innoeenfisu

351 1473 455 1544 posset
484 1487 503 1526 a
535 1469 674 1544 pluiimis
709 1468 831 1528 defendi
865 1474 970 1528 contra
1005 1470 1172 1529 violentum
1202 1469 1368 1528 eonsilium.

353 1576 424 1634 ergo
451 1558 590 1617 scelesti
614 1558 745 1617 hominis
771 1559 831 1617 fuit
858 1560 935 1617 clam
962 1560 1129 1637 cogitatum
1154 1558 1274 1617 facinus
1303 1578 1367 1634 per·

352 1649 485 1722 potiare,
516 1651 551 1704 ut
581 1647 662 1705 omni
692 1649 863 1707 coniectura
890 1652 1024 1708 cessante
1049 1649 1158 1707 lateret
1184 1650 1292 1706 auctor
1319 1647 1367 1706 ad·

352 1729 445 1794 missi
481 1735 550 1810 quis
571 1738 651 1794 euim
673 1737 805 1796 crederet
828 1739 939 1797 sororis
960 1740 1068 1809 vimm,
1086 1739 1183 1796 sorori
1199 1737 1368 1809 amabilem,

352 1824 445 1882 nullis
470 1825 638 1883 inimicitiis
664 1827 946 1899 intervenientibus,
973 1827 1128 1885 innoxium
1150 1844 1268 1902 semper
1289 1826 1398 1905 Pyffo

352 1913 492 1973 mulionis
515 1914 642 1972 saevitia
660 1913 852 1992 iugulatum?
883 1934 943 1991 quo
965 1917 1031 1974 loeo
1053 1915 1244 1991 plenissimae
1266 1914 1368 1974 erude-

352 2003 450 2061 litatis
471 2021 540 2061 reus
558 2002 736 2080 Pygmalion
755 2004 932 2075 ostenditur,
950 2006 977 2063 si
994 2004 1115 2080 quidem
1132 2006 1230 2063 soieus
1247 2003 1369 2063 admisit

353 2091 433 2165 quod
456 2091 597 2151 credibile
619 2095 755 2151 futurum
777 2114 838 2152 nou
860 2093 997 2169 putabat
1037 2095 1188 2169 postremo
1210 2095 1317 2151 tutum
1338 2111 1367 2152 se

352 2182 458 2256 utique
481 2202 567 2257 posse
590 2202 654 2242 esse
672 2182 810 2241 oedebat
830 2204 865 2242 ex
883 2184 980 2261 reguli
997 2184 1146 2259 potentia3
1168 2202 1240 2241 nam
1256 2182 1367 2242 idcireo

351 2273 508 2345 praemisit
530 2283 618 2347 poeta
642 2272 722 2346 quod
739 2291 832 2350 regua
851 2274 925 2347 Tyri
941 2274 1006 2347 ipse
1024 2273 1173 2331 retineret.
1204 2272 1280 2331 dicit
1299 2291 1367 2351 ergo
1378 2290 1400 2331 s

351 2359 421 2419 iude
448 2362 598 2418 inmanior
624 2363 743 2428 ceteris,
770 2364 855 2437 quia,
882 2366 917 2420 ut
945 2362 1140 2435 dictumest,
1167 2362 1279 2421 occidit
1303 2382 1368 2421 eum

353 2452 405 2524 qui
433 2454 512 2508 esset
537 2452 678 2508 innocens
706 2456 736 2508 et
764 2451 818 2525 qui
845 2451 943 2510 nullas
971 2470 1039 2509 oum
1061 2469 1097 2509 eo
1119 2450 1295 2510 iuimicitias
1318 2452 1368 2509 ha·

351 2537 475 2611 buisset,
497 2539 606 2596 occidit
628 2541 739 2597 sororis
763 2542 871 2612 virum,
890 2541 941 2616 qui
965 2558 1096 2599 sororem
1119 2542 1182 2599 eius
1204 2560 1368 2616 numquam

352 2628 487 2686 laesisset
510 2622 568 2703 †et
591 2646 668 2701 quae
686 2632 763 2687 esset
782 2630 930 2702 amabilis,
948 2628 1057 2687 oceidit
1075 2632 1146 2686 aute
1163 2647 1241 2701 am,
1259 2628 1368 2688 occidit

352 2727 476 2791 propter
493 2717 589 2774 solam
607 2719 777 2790 avaritiam,
795 2719 906 2777 occidit
924 2718 1007 2776 nulla
1026 2712 1145 2798 (utpote
1162 2710 1229 2797 rex)
1248 2721 1368 2777 coactus
1380 2734 1401 2776 a

352 2806 472 2880 inopiae
494 2808 671 2864 necessitate
690 2809 721 2864 el
739 2826 773 2865 eo
792 2808 911 2866 facilius
930 2810 1086 2866 incautum
1103 2807 1271 2883 adgressus,
1291 2806 1369 2883 quod

354 2892 504 2967 Sychaeus
527 2895 603 2952 nihil
625 2895 687 2953 tale
705 2914 850 2953 ausurum
867 2896 995 2970 putabat
1013 2898 1114 2954 uxoris
1132 2896 1265 2954 intrem
1304 2914 1369 2955 ecoe

353 2984 484 3041 oratoria
511 2986 545 3040 iu
571 2988 661 3058 poeta
685 2987 794 3057 virtuS,
821 3005 916 3043 uuum
938 2985 1103 3044 admissum
1126 2986 1248 3060 quantis
1271 2986 1369 3044 crimi-

353 3091 425 3129 num
452 3072 609 3149 generibus
637 3075 804 3150 aggeravit!
852 3074 1100 3149 quemadmodum
1122 3074 1182 3132 loci
1204 3077 1369 3133 eommunis

424 3300 440 3346 2
464 3299 531 3349 ante
554 3303 585 3349 ut
607 3296 721 3349 verbum
744 3296 882 3350 excidisse
905 3301 988 3365 puto,
1012 3296 1079 3364 quia
1102 3296 1216 3350 omissio
1235 3296 1370 3352 intolera-

352 3363 419 3417 bilis
437 3365 561 3431 videtur,
585 3368 658 3421 dicit
681 3368 787 3421 inserui
811 3367 847 3420 cf.
868 3374 920 3421 354
939 3372 969 3421 et
987 3374 1053 3436 364,
1076 3368 1127 3422 aed
1144 3368 1270 3422 incertus
1289 3369 1370 3423 uncis

352 3434 455 3489 inclusi
482 3437 623 3505 (similiter
648 3442 698 3493 loc
720 3448 758 3493 est
785 3440 967 3492 inserendum
990 3439 1087 3508 putavi
1110 3458 1135 3492 v.
1151 3445 1184 3493 'it
1207 3443 1238 3494 et
1262 3444 1316 3509 Π).

353 3513 369 3560 6
387 3516 501 3577 superat
518 3526 571 3563 om.
586 3510 629 3563 ed.
703 3516 720 3563 8
738 3512 789 3565 scit
807 3510 850 3563 ed.
930 3517 962 3564 11
982 3511 1128 3565 violentum
1147 3510 1197 3564 LR
1216 3512 1368 3566 videntium

352 3579 396 3632 ed.
452 3586 487 3632 13
505 3581 600 3635 lateret
613 3581 663 3634 LR
678 3584 793 3636 laetetur
807 3582 850 3635 ed.
917 3587 1021 3636 18—19
1041 3588 1130 3636 tutan
1144 3599 1171 3636 sc
1186 3583 1282 3652 atique
1291 3600 1371 3651 posse

347 3667 407 3703 em
426 3650 478 3702 LB
505 3653 633 3706 ordinem
655 3657 725 3706 mut.
746 3671 825 3721 posse
849 3670 902 3707 om.
922 3653 965 3708 ed.
1057 3659 1092 3705 ao
1116 3654 1249 3708 ηὕπώαέ
1271 3654 1317 3710 ed.

334 3724 373 3770 24
389 3727 420 3773 et
432 3739 511 3789 quae
522 3724 577 3779 ΒΗ
591 3726 637 3782 ed.
653 3732 680 3783 et
697 3728 765 3783 cui?
785 3742 824 3781 au
841 3733 866 3781 et
885 3727 949 3795 quit
968 3740 1008 3777 au
1024 3732 1120 3792 utque?
1173 3729 1208 3777 29
1227 3728 1371 3797 ayyeravit

228 3834 235 3898 Ξ
319 3785 380 3839 BR
401 3800 574 3865 aqqreqaml
593 3802 641 3857 ed.
