3250 4350
705 426 946 482 munmesru
1271 429 1336 494 277

318 596 454 669 positum
482 598 539 669 est,
562 595 736 670 Apollinem
763 615 880 671 semper
906 596 1104 655 Troianorum
1125 599 1217 657 fidisse
1239 597 1339 656 fauto-

318 702 398 757 rem3
421 701 521 759 praees
545 686 624 744 euim
646 685 712 743 illie
729 688 799 744 sunt
817 685 1001 744 necessariae
1019 685 1070 744 ubi
1089 686 1276 746 concilianda
1294 690 1341 746 est

319 771 525 832 benivolentia
547 776 610 832 eius
634 775 687 848 qui
710 773 825 848 aliquid
847 774 1028 849 postulatur,
1047 793 1114 833 oum
1135 793 1205 834 vero
1223 777 1286 834 iarn
1304 796 1340 835 ex

322 861 392 920 aliis
419 862 591 921 benivolum
619 866 736 922 constat
763 881 841 936 esse,
867 867 982 922 remoto
1010 863 1168 922 oiroumitu
1192 863 1340 924 desideria

293 953 389 1027 sipsa
417 954 536 1026 oportet
566 954 682 1027 exponi.
727 953 777 1010 aia
805 969 840 1010 ea
866 954 948 1026 falas
975 970 1069 1020 aem,
1097 957 1216 1012 tramae
1238 956 1339 1013 amaia
1358 959 1392 1008 90

320 1043 388 1098 aisa
410 1045 525 1114 repente
547 1041 707 1114 liminaque
728 1041 890 1113 taurusque
911 1041 959 1100 dei
980 1045 1112 1114 totasque
1128 1044 1239 1102 mereri
1255 1060 1340 1102 meas

320 1131 432 1188 ciream
455 1133 483 1188 et
502 1132 615 1202 mapire
633 1130 731 1205 adytis
749 1132 863 1189 eorliaa
880 1131 1015 1190 reclusae
1038 1149 1115 1208 mox,
1134 1133 1240 1205 uitat
1259 1131 1340 1190 dieta

321 1219 474 1293 conpleri,
502 1220 602 1278 onmia
629 1219 704 1277 mihi
730 1218 796 1278 visa
824 1222 896 1277 sunt
920 1223 1060 1279 tremere:
1097 1239 1116 1278 a
1143 1220 1339 1297 generalitate

320 1309 446 1366 transiit
473 1306 511 1366 ad
538 1304 665 1383 speeies,
692 1307 769 1366 dixit
795 1309 877 1366 enim
903 1307 1067 1383 liminaque
1099 1309 1260 1384 laurusque
1292 1307 1341 1366 dei

281 1399 464 1471 notatusque
491 1399 606 1455 moveri
633 1415 717 1456 mons
747 1399 860 1456 oiroum
887 1400 917 1455 et
943 1399 1059 1475 mugire
1092 1397 1191 1474 adytis
1224 1399 1340 1458 eor-tim

321 1486 456 1544 reclusis.
501 1486 575 1545 haee
602 1485 646 1544 sic
672 1489 755 1544 mota
787 1487 859 1544 sunt
889 1486 938 1545 vel
969 1488 1154 1564 mugierunt,
1185 1491 1220 1546 ut
1252 1487 1341 1545 deum

321 1576 424 1650 ipsum
451 1577 640 1649 praesentem
672 1575 764 1634 fuisse
790 1577 1005 1650 monstrarent,
1036 1577 1186 1635 sammasi
1211 1577 1341 1650 petimus

321 1667 441 1730 senaa
463 1680 520 1722 aaa
541 1666 636 1738 feriar
658 1665 699 1722 ad
721 1665 820 1722 sares:
851 1682 975 1738 pavore,
998 1664 1110 1739 inquit,
1133 1665 1226 1723 nimio
1250 1667 1340 1724 vesti-

322 1752 380 1830 giis
403 1752 496 1811 firmis
519 1772 579 1811 non
602 1755 755 1828 potuimus
779 1756 858 1812 stare
882 1752 1061 1828 demissique
1085 1752 1123 1811 ad
1145 1757 1258 1812 terram
1286 1755 1340 1812 has

283 1859 307 1900 a
322 1859 411 1900 voees
435 1841 616 1901 audivimus:
639 1841 838 1901 Dardanidae
860 1843 938 1908 dari,
957 1842 1013 1900 hoe
1032 1845 1078 1900 est
1096 1842 1134 1900 ad
1152 1843 1342 1901 tolerandum

321 1931 458 1990 laborem
480 1931 587 2005 fortes,
614 1949 688 2003 qaae
710 1948 761 1989 aas
784 1932 822 1989 ab
849 1933 940 2005 stirpe
961 1935 1121 2004 parentam
1143 1934 1246 2005 prima
1273 1933 1341 1990 tatii
1358 1936 1406 2003 et¹

321 2021 407 2078 tellas
441 2020 541 2078 eadem
571 2037 622 2078 aas
653 2021 740 2078 abere
771 2020 845 2078 laete
878 2022 998 2093 mapsa
1023 2020 1156 2088 reduces,
1189 2022 1341 2092 antiquam

321 2111 463 2183 exquirite
488 2113 626 2167 matrem:
658 2109 731 2185 quid
759 2107 899 2168 brevius?
928 2109 1002 2187 quid
1029 2108 1195 2169 evidentius
1217 2110 1274 2168 hoo
1296 2128 1340 2167 re·

322 2196 454 2274 sponso?
482 2200 566 2282 cupis
592 2202 679 2257 tanta
703 2199 907 2259 benivolentia
930 2203 988 2274 est,
1010 2202 1045 2258 ut
1068 2218 1135 2258 oum
1157 2198 1215 2258 fine
1238 2198 1341 2258 verbo·

283 2304 307 2345 so
320 2307 390 2346 rum
413 2288 595 2347 consulentis
617 2289 769 2363 prolatam
787 2288 828 2349 sit
846 2290 876 2347 et
894 2289 1016 2347 Aenean
1035 2287 1147 2347 dudum
1165 2306 1341 2363 suspensum
1413 2334 1418 2345 .

319 2381 416 2452 atque
439 2376 585 2435 insertum
607 2378 795 2451 instructum,
820 2396 956 2435 seeurum
978 2377 1151 2452 laetumque
1177 2376 1343 2435 reddiderit

321 2466 483 2527 ostendens
507 2466 651 2524 Troianos
680 2465 759 2542 apud
781 2466 873 2524 Ilium
895 2465 1068 2542 peregrinos
1091 2466 1182 2525 fuisse
1205 2464 1340 2540 perinde-

320 2574 383 2631 que
407 2572 467 2612 non
489 2556 631 2612 iniuriam
653 2575 689 2612 ex
712 2554 835 2613 deorum
857 2554 981 2628 invidia,
1001 2554 1052 2613 sed
1075 2553 1250 2613 beneficium
1273 2572 1341 2612 oon-

320 2646 450 2717 seoutos,
464 2645 499 2700 ut
518 2643 714 2720 originalibus
730 2644 819 2703 terris
833 2647 863 2703 et
877 2644 938 2702 suis
953 2642 1126 2719 parentibus
1140 2643 1341 2702 redderentur.

277 2751 304 2793 aa
319 2734 358 2791 ut
377 2733 479 2790 autem
502 2731 653 2807 propriam
677 2733 798 2791 domum
821 2732 885 2791 fore
907 2735 939 2791 et
962 2751 1054 2810 genus
1079 2733 1168 2808 atque
1186 2730 1292 2790 urbem
1309 2732 1342 2789 in

320 2825 479 2881 aeternum
502 2839 645 2880 mansura
671 2820 833 2880 manifesta
858 2824 976 2880 ratione
1003 2822 1197 2895 monstraret,
1226 2820 1343 2879 addidit

317 2912 369 2970 ieie
393 2911 497 2968 demas
518 2908 635 2969 Aeaeae
655 2911 765 2969 aare
783 2911 983 2969 dominabitur
1000 2913 1062 2969 eris
1080 2914 1107 2969 et
1123 2911 1187 2968 aali
1204 2914 1343 2969 aemuia

320 3004 350 3058 et
372 3000 425 3071 qai
446 3004 603 3057 aaseeatrer
625 3000 663 3057 ab
685 2998 760 3058 iliis:
783 3017 850 3058 ecoe
869 3003 898 3057 et
917 3000 1015 3058 altera
1032 2998 1180 3076 Pergama
1198 3001 1342 3074 perpetuo

319 3104 466 3147 mansura
486 3087 644 3165 dignanter
660 3088 792 3147 ostendit
806 3090 837 3146 et
851 3088 1013 3147 Troianam
1025 3088 1198 3165 progeniem
1211 3088 1342 3145 maxima

276 3196 304 3237 so
318 3179 509 3236 incrementa
522 3181 719 3252 sumpturam.
741 3178 811 3236 leaeo
820 3177 967 3237 Phoebas:
980 3181 1048 3253 post
1062 3176 1209 3235 eiusmodi
1222 3196 1343 3252 respon·

399 3387 413 3434 1
439 3382 538 3448 fuisset
555 3388 692 3436 auctorem
710 3382 763 3435 LIt
784 3383 872 3449 faisse
890 3400 916 3436 a.
935 3400 949 3434 r
967 3382 1010 3435 ed.
1033 3382 1054 3448 f.
1074 3381 1211 3447 fautorem
1229 3398 1288 3435 nos,

321 3459 339 3506 4
363 3453 513 3507 eireamita
535 3452 587 3505 LR
609 3454 728 3508 eiraaita
751 3471 764 3506 r
787 3453 831 3508 ed.
941 3457 956 3506 9
980 3453 1036 3507 diei
1057 3470 1109 3520 pro
1132 3454 1177 3507 dei
1199 3452 1221 3505 L
1247 3455 1343 3521 (supra

319 3525 419 3594 reate).
530 3529 563 3577 13
581 3540 635 3578 aea
652 3524 705 3577 LR
723 3531 748 3579 et
766 3541 790 3580 a.
810 3525 853 3579 ed.
878 3528 882 3592 Ι
911 3541 998 3579 aaras
1015 3523 1068 3575 LR
1091 3541 1172 3577 aures
1195 3524 1239 3579 ed.
1262 3524 1343 3577 auiis

321 3595 425 3665 scripsi
444 3595 560 3664 propter
578 3596 743 3649 audivimas.
819 3600 852 3649 16
871 3596 906 3650 ab
925 3595 976 3648 LR
995 3613 1013 3648 a
1032 3595 1075 3649 ed.
1154 3599 1187 3647 18
1207 3595 1342 3663 maneriis

320 3668 344 3721 L
372 3667 549 3735 eaqaaeritae
570 3666 596 3719 a
624 3682 692 3720 corr.
716 3684 737 3721 r.
817 3672 849 3720 21
878 3667 1049 3722 reddiderint
1072 3665 1123 3718 LR
1151 3682 1220 3720 eorr.
1244 3665 1289 3719 od.

320 3744 357 3793 26
376 3754 514 3792 mansura
527 3737 580 3790 LR
599 3755 671 3792 -ram
689 3738 732 3791 ed.
807 3743 841 3792 29
860 3739 1008 3808 diaaaater
1021 3737 1074 3789 LR
1092 3737 1236 3805 sipeiaaier
1252 3736 1342 3791 aaa*

320 3810 449 3865 maxiem
467 3808 520 3861 LR
538 3826 641 3880 erup-aa
659 3808 701 3863 ed.
