3250 4350
591 378 594 385 ’
699 385 906 441 PRAEFATIO
1223 388 1313 442 XXIII

288 553 451 628 putredine
483 556 660 630 consumpta
692 572 755 614 esse
788 574 848 631 qua
880 556 987 615 folium
1015 557 1077 615 236
1108 556 1230 622 adesum
1257 560 1311 618 est.

288 663 386 700 unum
414 642 543 702 deletum
571 661 634 702 esse
662 646 776 703 certum
803 647 861 719 est,
892 645 964 720 quia
991 645 1126 722 epilogus
1154 646 1186 703 in
1213 647 1312 706 media

288 730 443 791 sententia
470 731 671 808 abrumpitur3
704 733 756 792 sed
779 735 806 792 si
829 734 997 793 consideres
1020 735 1204 810 prooemium
1226 755 1310 794 revo-

289 823 369 879 catis
401 820 440 879 ad
466 821 608 880 Vaticani
638 823 786 881 rationem
818 840 958 881 versuum
990 825 1120 882 numeris
1151 823 1209 882 duo
1237 824 1311 883 folia

291 911 419 985 explere,
442 911 558 970 salvam
581 913 682 969 autem
705 910 818 988 epilogi
840 913 958 987 partem
980 913 1031 970 vix
1052 911 1208 970 dimidiam
1226 916 1310 989 pagi·

290 1018 364 1057 nam
382 1017 536 1076 occupare,
551 1019 618 1058 eum
636 1001 669 1058 in
688 1001 817 1058 alterum
835 1000 943 1058 folium
961 1002 1139 1076 pertinuisse
1158 1001 1310 1061 concedas.

291 1089 363 1146 hinc
380 1090 487 1164 ternio,
503 1091 588 1148 cuius
607 1108 747 1148 numerus
761 1089 892 1147 XXXIII
911 1108 977 1148 cum
996 1089 1104 1148 ultimo
1122 1090 1195 1149 folio
1211 1093 1311 1166 periit,

292 1177 335 1236 sic
354 1177 496 1237 efficitur:
521 1180 594 1238 233.
615 1179 688 1237 234.
714 1179 786 1236 235.
817 1179 890 1236 236.
913 1180 943 1237 0.
967 1179 996 1238 0.
1029 1178 1202 1255 fuitigitur
1220 1180 1312 1239 codex

549 1257 982 1394 Q

290 1407 459 1467 Vaticanus
484 1409 568 1483 olim,
592 1427 658 1469 cum
682 1430 717 1469 61
740 1409 858 1468 librarii
880 1409 1019 1469 manibus
1041 1409 1168 1485 prodiil,
1191 1411 1311 1485 quater·

290 1497 416 1556 nionum
429 1499 555 1575 triginta
570 1501 600 1558 et
613 1500 706 1556 trium
719 1501 891 1558 ternionum
905 1492 1038 1580 (XVIIH
1055 1498 1138 1556 XXX
1158 1490 1310 1578 XXXIII).

290 1605 364 1644 narn
388 1588 518 1662 quaein
541 1590 647 1646 octavo
670 1587 748 1646 libro
773 1606 790 1646 a
813 1608 841 1646 1.
858 1590 920 1647 457
946 1606 1040 1662 usque
1061 1586 1100 1646 ad
1118 1607 1145 1646 1.
1162 1588 1226 1645 730
1244 1607 1310 1663 per-

289 1676 371 1734 tinet
397 1675 505 1734 lacuna
532 1694 611 1750 eam,
640 1678 711 1751 quia
739 1677 771 1735 in
796 1677 925 1735 mediam
948 1677 1092 1755 paginam
1114 1677 1244 1753 priorem
1266 1677 1311 1735 fo-

289 1764 325 1822 lii
354 1766 394 1822 91
428 1765 536 1824 Incidit
567 1765 650 1824 nullo
682 1765 781 1841 spatio
813 1765 960 1840 indicata,
991 1767 1053 1823 iam
1084 1766 1118 1823 in
1149 1765 1310 1841 archetypo

290 1853 385 1912 fuisse
409 1856 501 1930 patet.
539 1855 875 1914 161161111234-236
900 1855 1005 1932 anguli
1027 1855 1183 1914 inferiores
1207 1855 1310 1933 agglu-

290 1941 398 2000 tinatis
431 1945 516 2002 16116
548 1944 738 2003 membranae
771 1943 890 2002 laciniis
916 1945 950 2001 in
977 1943 1105 2001 formam
1133 1943 1311 2018 quadratam

289 2030 408 2089 redacti
430 2034 507 2092 sunt.
541 2032 574 2090 in
597 2031 711 2093 duobus
734 2032 884 2108 prioribus
907 2031 983 2090 nihil
1007 2031 1045 2090 ad
1068 2050 1188 2091 sensum
1211 2035 1242 2091 66
1264 2052 1310 2090 61-

289 2119 393 2179 dinem
416 2119 573 2180 verborum
592 2121 791 2182 desideratur:
815 2120 988 2181 membrana
1007 2120 1044 2180 ab
1062 2120 1150 2186 initio
1170 2121 1310 2181 deformIe
1362 2140 1365 2148 ·

289 2209 384 2269 fuisse
412 2208 543 2284 videtur,
571 2211 604 2269 id
632 2212 712 2286 quod
739 2229 828 2288 saepe
859 2213 892 2270 11
919 2210 1067 2270 Vaticano
1096 2211 1232 2270 occurrit.
1279 2213 1312 2269 66

289 2298 402 2356 ultima
424 2298 529 2357 charta
553 2301 615 2358 236
640 2300 805 2376 putredine,
830 2302 866 2358 ut
889 2318 980 2376 supra
1003 2299 1174 2374 memoravi,
1193 2304 1223 2359 et
1244 2294 1312 2376 ipsa

291 2386 505 2465 agglutinandi
528 2390 592 2447 6166
613 2390 762 2447 iacturam
786 2390 867 2448 fecit.
905 2389 959 2447 imi
978 2390 1058 2448 enim
1076 2388 1235 2464 utriusque
1257 2407 1310 2465 pa-

289 2476 381 2552 ginae
409 2494 512 2536 versus
540 2477 609 2536 deni
636 2482 783 2537 crescente
811 2478 950 2538 deorsum
978 2477 1086 2537 damno
1110 2478 1210 2537 mutili
1233 2480 1310 2536 suut.

290 2564 407 2623 factum
435 2567 484 2635 6664
507 2566 730 2641 detrimentum,
761 2585 829 2626 cum
855 2569 917 2625 iam
945 2566 1147 2626 Harlemeusie
1176 2569 1206 2625 66
1234 2563 1311 2625 Oxo·

289 2654 405 2711 niensis
434 2655 465 2714 et
491 2654 639 2714 editorum
666 2656 818 2731 exemplar
846 2658 981 2715 extarent
1014 2658 1067 2713 6116
1098 2658 1176 2714 certe
1203 2656 1311 2713 horum

290 2742 483 2817 archetypus,
507 2762 596 2817 quem
619 2746 763 2820 suspicor,
787 2764 823 2804 61
836 2744 985 2803 Vaticano
1003 2744 1201 2820 transcriptus
1220 2747 1310 2817 esset3

289 2850 362 2889 nam
381 2830 503 2890 illorum
523 2832 634 2891 auxilio
653 2834 759 2892 sarciri
777 2837 883 2910 potest.
917 2833 1031 2909 epilogi
1043 2851 1113 2908 pars
1128 2832 1238 2891 amissa
1250 2852 1310 2891 non

288 2920 378 2979 item:
400 2920 473 2995 quid
486 2924 555 2996 post
569 2921 676 2979 ultima
694 2922 785 2981 verba
804 2924 914 2997 „etiam
932 2922 964 2980 in
981 2919 1055 2980 hao“
1073 2921 1210 2997 protinus
1230 2941 1310 2981 secu-

290 3013 358 3069 tum
377 3026 442 3069 esse
460 3012 564 3085 putem
582 3029 673 3087 supra
690 3011 745 3086 p.I
762 3010 902 3070 11616611.
934 3030 1007 3069 num
1025 3010 1153 3068 alterum
1171 3011 1311 3071 volumen

290 3100 426 3174 quinque
439 3098 553 3175 priores
568 3098 660 3159 libros
676 3100 830 3159 continens
844 3098 1039 3176 praecesserit
1051 3100 1233 3176 ignoramus.
1259 3094 1311 3159 sed

290 3205 360 3245 cum
382 3188 482 3245 forma
506 3190 536 3247 66
558 3190 706 3264 scriptura
727 3191 904 3265 picturaque
932 3187 1023 3248 codex
1045 3187 1210 3247 Vaticanus
1236 3188 1310 3247 adeo

291 3278 428 3351 excellat,
452 3278 487 3335 116
508 3278 588 3335 inter
606 3278 713 3336 decora
730 3277 927 3337 bibliothecae
946 3276 1073 3336 alicuius
1092 3278 1311 3337 monasterialis

290 3365 385 3424 fuisse
407 3365 556 3440 videatur,
575 3365 612 3424 ab
635 3368 723 3425 initio
748 3386 817 3425 eum
836 3370 977 3425 truncum
1000 3366 1091 3424 fuisse
1114 3385 1221 3441 parum
1243 3387 1310 3442 pro-

290 3453 393 3513 babile
412 3457 466 3514 est.
497 3456 607 3514 mirum
620 3455 726 3530 utique
741 3457 836 3515 restat
850 3475 902 3514 cur
915 3454 1072 3515 duodecim
1084 3455 1156 3514 libri
1169 3452 1311 3531 inaequa-

290 3543 363 3602 11661
382 3542 472 3603 611161
490 3545 559 3603 6116
593 3543 628 3602 66
643 3546 793 3603 communi
807 3564 876 3604 cum
888 3543 1091 3603 Laurentiano
1106 3547 1137 3602 et
1150 3543 1312 3621 Reginensi

290 3632 457 3709 archetypo
476 3632 556 3691 infra
574 3634 770 3708 opportunius
788 3632 974 3694 disseremus.
990 3664 1031 3673 -
1052 3633 1166 3691 contuli
1180 3633 1313 3693 codicem

290 3720 407 3781 Romae
435 3740 504 3779 vere
531 3723 562 3778 et
586 3724 729 3779 autumno
755 3724 829 3782 anni
853 3724 940 3786 1901
968 3726 999 3786 et
1026 3743 1100 3790 1616
1128 3724 1333 3786 61161362,
