3250 4350
649 453 832 510 auunmos
850 454 890 508 111
1215 451 1279 517 331

256 623 339 682 satis
362 622 517 681 adversam
539 622 680 684 felicitati
703 626 848 699 conparat
871 623 995 682 alienae.
1041 622 1168 699 denique
1198 625 1280 683 totns

256 715 293 771 in
318 730 352 770 ec
376 714 478 771 estut
501 713 620 789 singula
642 730 710 771 cum
733 713 860 791 singulis
883 712 1024 772 conferat.
1070 712 1171 771 felices
1200 712 1281 786 estis,

258 802 374 877 inquit,
403 803 433 858 et
454 800 574 860 beatam
597 801 705 861 ducitis
728 803 824 861 vitam
848 820 972 878 quorum
996 801 1161 859 infortunia
1182 803 1280 859 trans-

259 893 331 949 acta
358 892 429 948 sunt
456 892 486 949 at
513 890 595 949 mala
622 894 810 968 consumpta:
842 890 967 967 proinde
999 892 1106 963 vivite,
1139 890 1280 965 quoniam

228 978 348 1040 svobis
371 980 451 1037 vitae
476 979 634 1039 delectatio
658 983 688 1039 et
710 980 807 1040 otium
830 983 972 1056 superest.
1013 997 1068 1038 nos
1087 980 1167 1037 enim
1184 980 1280 1037 vitam

260 1067 397 1127 ducimus
420 1068 620 1127 miserandam
640 1070 694 1144 qui
711 1068 860 1128 trahimur
878 1088 932 1144 per
948 1069 1069 1127 incerta
1107 1066 1193 1127 vobis
1211 1085 1280 1143 pro-

259 1158 345 1216 venit
368 1159 452 1232 quies
475 1157 564 1232 pleno
588 1175 724 1217 successu
746 1175 801 1217 nec
823 1159 939 1236 ingruit
956 1158 1019 1216 feta
1036 1156 1177 1233 periculis
1195 1157 1280 1214 navi-

259 1245 356 1323 gandi
372 1247 542 1306 necessitas.
570 1248 664 1305 vivite
683 1248 736 1324 qui
754 1249 827 1306 estis
845 1266 864 1306 a
882 1265 948 1306 mea
966 1246 1144 1305 infelicitate
1159 1245 1280 1305 discreti

259 1353 316 1393 neo
338 1354 455 1394 mecum
477 1336 622 1410 quaeritis
644 1335 780 1409 Italiam,
808 1355 885 1412 quae
908 1338 1028 1395 tantum
1050 1334 1162 1394 recedit
1185 1353 1279 1411 quan·

218 1448 245 1486 rc
259 1427 327 1483 tum
350 1442 416 1483 eam
439 1443 493 1484 nos
511 1426 674 1484 insistendo
694 1426 909 1502 persequimur.
946 1445 1006 1485 non
1024 1426 1069 1483 ita
1087 1423 1189 1501 posuit
1207 1442 1279 1481 arva

261 1517 343 1571 retro
363 1513 508 1586 cedentia,
526 1513 607 1589 quod
624 1533 692 1573 vere
710 1514 854 1590 possibile
874 1516 959 1590 esset,
978 1513 1030 1573 sed
1048 1517 1082 1572 ut
1101 1515 1280 1588 exprimeret

260 1603 325 1661 eius
352 1602 481 1662 hominis
508 1602 609 1661 taedia
637 1605 690 1679 qui
716 1623 770 1678 per
796 1605 845 1663 tot
876 1620 970 1662 annos
1001 1603 1095 1661 tantis
1126 1601 1279 1662 laboribus

260 1690 444 1767 consumptis
472 1692 604 1750 nondum
629 1691 801 1751 inveniebat
834 1711 893 1768 quo
925 1692 1081 1766 pervenire
1109 1691 1278 1768 cogebatur.

260 1780 390 1856 effigiem
418 1780 533 1839 Xanthi
561 1782 739 1857 Troiamque
767 1781 889 1853 videtis,
920 1799 1010 1856 qnam
1037 1783 1153 1839 vestrae
1183 1781 1278 1838 fecere

218 1891 243 1930 rs
260 1887 381 1942 manus3
404 1868 555 1928 habebant
577 1872 658 1928 enim
680 1872 801 1930 uomina
825 1868 981 1947 originalis
1004 1872 1111 1942 terrae,
1134 1887 1210 1944 quae
1233 1868 1277 1925 id-

260 1960 340 2018 circo
364 1957 554 2034 addiderant,
582 1962 617 2017 ut
640 1961 766 2018 amissae
790 1958 928 2017 veritatis
951 1957 1101 2017 adfectum
1124 1958 1277 2016 simulato-

258 2067 329 2105 rum
352 2046 564 2107 vocabulorum
586 2050 807 2123 nuncupatione
831 2049 999 2122 pensarent.
1047 2065 1137 2123 quam
1160 2049 1277 2106 vestrae

260 2139 356 2196 fecere
383 2155 501 2211 manus3
534 2137 649 2214 gratius
678 2140 723 2198 est
751 2139 830 2197 enim
857 2139 888 2195 et
915 2136 1032 2196 dulcius
1061 2136 1201 2213 quioquid
1225 2154 1279 2213 per

260 2245 314 2285 nos
342 2225 506 2285 fabricatur
534 2229 587 2285 aut
614 2227 718 2304 surgit.
764 2226 937 2286 melioribus
969 2230 1041 2301 opto
1074 2226 1215 2302 auspiciis
1248 2229 1278 2284 et

217 2337 245 2376 ao
260 2334 338 2390 quae
355 2316 448 2374 fuerit
465 2315 563 2376 minus
582 2315 672 2375 obvia
690 2315 786 2390 Grais,
804 2335 842 2372 ne
860 2317 1004 2375 memoria
1022 2317 1151 2374 nominis
1170 2316 1278 2374 Troiae

260 2403 340 2479 quod
374 2404 505 2464 adversis
537 2404 608 2463 fatis
645 2406 764 2481 penitus
801 2405 958 2463 interierat
994 2404 1117 2480 aliquod
1153 2398 1279 2463 alterius

259 2494 367 2552 Troiae
400 2512 486 2552 omen
519 2494 616 2553 simile
653 2497 837 2568 nasceretur,
874 2493 991 2552 addidit
1027 2493 1127 2552 dicens
1163 2494 1276 2551 fecistis

259 2583 380 2657 quidem
403 2582 537 2656 Troiam,
565 2583 617 2642 sed
644 2587 715 2659 opto
743 2587 778 2642 ut
800 2582 975 2641 melioribus
998 2583 1070 2641 fatis
1094 2584 1133 2640 sit
1156 2581 1277 2640 condita

259 2689 314 2729 nec
341 2671 451 2730 habeat
478 2672 640 2747 aliquando
669 2673 771 2732 obvios
801 2664 931 2732 Graecos
960 2675 1012 2730 aut
1039 2691 1142 2730 eorum
1169 2671 1277 2728 faciem

217 2781 245 2821 as
260 2762 389 2835 noverit,
413 2761 493 2837 quod
516 2762 630 2819 malum
651 2762 739 2820 facile
762 2761 863 2837 potuit
885 2763 969 2819 nasci
991 2764 1021 2819 at
1045 2759 1182 2818 accedere
1208 2777 1276 2819 con-

259 2850 384 2908 stitutae
411 2851 444 2908 in
471 2850 607 2926 partibus
635 2852 788 2926 suspectis.
835 2849 886 2909 sed
913 2849 969 2909 hoc
996 2849 1126 2908 obtinuit
1156 2869 1193 2908 ne
1221 2849 1275 2907 ali·

258 2937 378 3013 quando
397 2937 488 2997 fieret.
520 2942 547 2998 st
566 2940 683 3013 quaudo
700 2940 839 3014 Tbybrim
852 2941 1006 3012 viduaque
1021 2939 1179 3014 Thybridis
1192 2957 1267 2998 erec
1278 2943 1330 2992 500

257 3031 373 3086 intrare
398 3030 532 3100 pontique
558 3046 639 3088 meuc
666 3029 737 3087 datu
763 3030 880 3087 moenia
907 3045 1038 3088 ceruum:
1070 3028 1097 3087 si
1123 3047 1275 3103 mnqnam,

331 3268 397 3320 Μαι
416 3284 445 3322 eo
464 3286 516 3322 om.
536 3269 563 3321 R
581 3268 645 3321 add.
660 3286 682 3321 r.
752 3269 952 3336 tiuportcmia
969 3268 995 3321 a
1014 3285 1083 3322 corr.
1097 3287 1119 3324 r.
1185 3270 1276 3334 ‘lsctu

258 3338 310 3391 LR
325 3339 410 3408 plenu
429 3340 471 3392 ed.
559 3345 575 3393 8
595 3341 692 3409 quietis
710 3340 735 3393 R
753 3340 802 3408 qui
820 3340 883 3394 estis
900 3338 931 3392 r'.
1023 3345 1038 3393 9
1058 3340 1173 3394 discedit
1191 3340 1234 3392 ed.

261 3415 293 3461 10
310 3411 403 3478 potuit
420 3410 472 3463 th
487 3413 583 3479 posuit
600 3409 630 3464 r‘.
695 3417 727 3463 13
746 3427 777 3464 co
795 3409 919 3478 Luno
937 3410 1012 3464 red.
1079 3417 1111 3474 lb
1130 3412 1276 3465 camiseam

258 3481 311 3533 LIt
330 3481 379 3534 edI
400 3483 515 3536 uomica
533 3482 555 3537 r‘
575 3482 641 3536 edF.
734 3487 766 3536 19
785 3487 878 3551 serpet
895 3481 921 3534 a
945 3498 1013 3535 corr.
1033 3500 1053 3534 r.
1146 3487 1179 3535 20
1198 3497 1276 3536 aeneo

257 3554 379 3607 mominis
396 3553 450 3606 LR
467 3571 501 3608 ne
519 3554 640 3609 nomime
657 3570 672 3606 r
689 3569 789 3608 curum
806 3570 834 3606 u.
850 3553 942 3607 educ
960 3555 1089 3607 mensoria
1106 3570 1134 3606 a.
1150 3570 1200 3607 nos
1219 3555 1272 3622 (mo

258 3640 293 3677 ex
315 3626 446 3679 cremeris
468 3626 630 3679 truncatum
652 3623 683 3678 in
707 3625 861 3693 archetypo
880 3623 968 3678 fuisse
985 3623 1098 3678 videtur
1115 3626 1148 3677 ut
1165 3623 1274 3693 multa).

313 3701 345 3748 21
366 3697 438 3765 quod
456 3696 508 3749 tn
526 3714 595 3766 quae
614 3696 657 3750 ed.
674 3699 678 3764 Ι
693 3696 812 3766 αῖίᾳαοά
831 3695 884 3748 LR
901 3714 935 3750 uc
954 3697 990 3750 al.
1007 3696 1051 3750 ad.
1124 3701 1158 3748 22
1177 3712 1276 3750 nomeu

258 3765 309 3817 LR
329 3767 372 3821 ed.
392 3752 471 3821 cmcb
488 3784 546 3821 nos.
621 3773 655 3821 24
673 3769 773 3835 sociem
791 3767 843 3820 th
862 3767 907 3822 ed.
926 3768 1030 3823 aciem?
1103 3773 1142 3820 ‘lt
1161 3769 1286 3821 obtinuit

255 3835 308 3888 th
326 3838 367 3890 ed.
388 3840 494 3904 optumi}
509 3838 536 3891 r‘
551 3840 649 3894 nescio
669 3857 706 3896 an
725 3842 815 3898 recte.
890 3846 924 3897 ‘ll
945 3841 1069 3899 dabam
1080 3838 1156 3894 bib».
