3250 4350
654 413 656 416 ’
705 411 888 466 AENEIDOS
907 411 954 466 Ν
1270 411 1335 475 421

322 583 411 657 parte
439 581 562 640 Iunonis
594 583 640 640 eet
671 584 743 639 note
774 582 906 639 iuvantis
936 581 1125 653 morientem,
1153 585 1187 638 ut
1214 581 1338 640 celerius

323 670 460 745 spiritum
493 669 621 742 efflaret,
654 689 729 745 quae
757 671 784 729 si
811 668 885 745 qnid
913 671 1027 745 posset,
1058 670 1153 727 vitem
1184 673 1337 745 praestare

323 758 465 845 debueret
502 762 555 818 aut
590 760 705 818 viventi
741 759 912 832 subvenire,
949 776 1016 816 curn
1052 757 1221 817 decerneret
1252 759 1336 818 mori.

322 847 433 906 dieitur
458 850 537 906 ratio
565 866 641 923 quae
670 847 697 906 ei
725 847 855 907 difficilis
882 847 981 907 obitus
1008 847 1133 906 faceret:
1169 865 1240 906 nom
1267 851 1338 922 quio

295 954 375 997 enee
402 939 463 1010 foto
490 939 596 997 merito
617 955 671 997 oee
692 940 783 996 morte
799 938 932 1011 peribat:
963 954 1017 996 neo
1039 938 1117 1010 feto,
1143 935 1257 1011 inquit,
1284 956 1337 996 nee

322 1028 418 1084 morte
446 1029 567 1101 merita,
594 1026 651 1085 hoo
674 1028 801 1086 estnon
825 1025 985 1084 seeundum
1012 1027 1184 1083 institutum
1211 1028 1337 1084 naturae

322 1114 404 1190 quod
430 1115 501 1174 fetis
527 1114 705 1174 attributum
728 1118 773 1175 est
795 1115 978 1188 hominibus,
1005 1115 1119 1174 seilicet
1141 1118 1177 1172 ut
1199 1115 1283 1172 nulle
1306 1115 1337 1173 vi

321 1203 457 1263 adhibita
485 1205 664 1278 morientur3
700 1207 773 1263 tuno
800 1207 880 1263 enim
908 1203 1039 1262 diffieilis
1066 1205 1238 1278 moreest,
1270 1207 1338 1262 eum

321 1312 381 1352 non
419 1311 563 1352 consensu
598 1296 723 1352 naturae
756 1295 878 1368 spiritus
910 1293 1062 1367 redditur,
1094 1291 1145 1351 sed
1182 1295 1337 1367 extorque·

280 1403 307 1441 10
321 1385 373 1440 tur
405 1383 551 1442 violenter
584 1386 614 1441 et
644 1382 784 1440 truditur.
834 1383 885 1441 sed
915 1384 1025 1441 misera
1057 1385 1124 1440 arete
1155 1382 1246 1440 diem:
1280 1381 1337 1440 hoo

323 1473 368 1528 est
401 1473 469 1530 ente
501 1474 619 1546 tempus
652 1489 710 1546 quo
742 1473 851 1528 natura
882 1472 982 1545 potuit
1010 1470 1125 1528 adferre
1153 1487 1335 1528 eonsensum.

320 1561 469 1632 subitoque
497 1577 618 1619 oeeeoso
644 1562 759 1632 ferere:
796 1559 872 1617 dixit
899 1577 958 1634 qua
990 1577 1080 1618 oense
1111 1563 1220 1617 nature
1250 1577 1336 1635 prae·

321 1650 412 1708 venta
435 1651 488 1707 sit:
520 1649 612 1723 furor,
634 1649 743 1724 inquit,
765 1647 843 1706 hano
866 1649 1001 1724 conpulit
1023 1649 1205 1724 rependune,
1227 1650 1262 1705 ut
1285 1647 1337 1706 ed·

320 1740 436 1813 peteret
459 1740 594 1811 mortem,
618 1756 708 1813 qnam
731 1736 864 1797 nondum
887 1740 996 1795 nature
1016 1738 1200 1812 permiserat.
1237 1737 1336 1795 subito

273 1849 302 1887 15
319 1828 422 1884 furore
448 1826 523 1884 dixit
546 1845 605 1884 non
627 1829 747 1884 tantum
770 1826 925 1900 repentino
947 1844 1051 1884 verum
1074 1828 1165 1884 etiem
1188 1844 1248 1884 non
1270 1845 1350 1901 per--

318 1918 464 1990 tractat03
501 1916 632 1974 furentes
665 1915 745 1973 enim
778 1914 935 1973 eonsilium
968 1933 1028 1972 non
1063 1914 1174 1972 hebent
1206 1917 1237 1973 et
1267 1934 1336 1975 mox

319 2004 462 2079 quioquid
490 2005 651 2063 occurrerit
678 2003 801 2062 faciunt.
847 2003 978 2061 nondum
1004 2003 1049 2062 itti
1077 2006 1190 2075 flavum
1216 2005 1336 2062 Proser·

312 2094 392 2164 pirro
415 2095 517 2152 verlice
540 2094 648 2151 oriem
671 2094 831 2152 abstulerat
852 2091 1006 2166 Sipyioqee
1028 2096 1118 2166 eaput
1143 2092 1337 2151 damnaverat

320 2181 408 2240 Oreo:
431 2202 485 2241 neo
507 2182 687 2259 Proserpina
712 2186 849 2257 venerut,
877 2201 953 2258 quoe
982 2185 1095 2241 sectum
1123 2181 1235 2240 crinem
1258 2179 1335 2241 Orco

270 2293 301 2333 eo
319 2270 507 2330 sollemniter
528 2271 673 2331 traderet:
696 2272 829 2330 nondum
847 2274 935 2345 enirn,
953 2274 988 2329 ut
1006 2270 1118 2330 dietum
1138 2273 1192 2345 est,
1209 2273 1336 2330 naturae
1369 2273 1373 2289 ¹

318 2364 443 2419 venerat
478 2366 605 2437 tempus.
656 2378 721 2436 erqo
753 2362 816 2420 Iris
848 2351 953 2420 eroieis
978 2378 1036 2435 per
1067 2362 1179 2419 eaelum
1210 2362 1326 2419 roseida
1338 2362 1390 2412 '1⁰⁰

312 2451 419 2523 pinnis
446 2451 524 2509 mille
552 2451 669 2509 traheres
696 2452 796 2509 varios
819 2450 940 2509 adverso
963 2450 1022 2507 sole
1044 2450 1151 2509 colores
1174 2450 1289 2508 devolat
1311 2454 1337 2507 et

317 2556 413 2611 supro
436 2544 524 2613 eaput
545 2540 678 2598 adstote
703 2558 738 2597 ex
761 2539 914 2598 oooasione
937 2538 1013 2596 dixit
1036 2541 1125 2612 poeta
1147 2538 1205 2596 Iris
1233 2555 1335 2595 eroum

317 2626 430 2686 ideireo
459 2628 605 2687 coloribus
633 2628 820 2701 distinctum,
849 2626 928 2701 quod
956 2626 1079 2686 adverso
1108 2628 1169 2685 sole
1192 2625 1334 2685 radietur.

270 2738 299 2779 es
315 2718 396 2775 hwne
424 2733 472 2791 eqo
495 2718 561 2775 Diti
588 2735 706 2776 socrum
732 2719 816 2775 iusso
837 2718 914 2789 fero:
945 2716 1019 2775 bene
1043 2715 1120 2774 dixit
1141 2717 1235 2792 iusso,
1264 2716 1336 2791 quie

317 2805 399 2881 quod
422 2806 541 2864 foetura
563 2806 662 2864 fueret
685 2805 776 2863 elieni
797 2806 857 2863 fuit
879 2804 972 2863 offleii
993 2803 1174 2879 perindeque
1193 2804 1231 2862 ab
1249 2822 1334 2863 usur·

316 2894 461 2974 potionis.
478 2895 600 2954 erimine
628 2894 728 2970 potuit
755 2892 889 2952 excusari
913 2912 989 2970 quae
1011 2893 1138 2968 potioris
1160 2893 1267 2952 hebuit
1289 2894 1333 2953 fo·

317 2971 420 3041 oiundi
435 2973 661 3042 'anctoritatem
707 2987 789 3055 teque
811 2984 865 3041 isto
888 2999 1007 3056 corpore
1028 2982 1121 3040 soleo:
1143 2983 1208 3056 hoe,
1225 2982 1334 3057 inquit,

316 3072 410 3145 facio,
442 3093 479 3129 ne
510 3071 561 3130 diu
593 3072 740 3131 oruoierie.
786 3074 828 3130 sie
855 3074 898 3130 ait
925 3076 951 3129 et
977 3072 1079 3130 dextro
1108 3074 1217 3130 crinem
1242 3076 1334 3130 secat:

270 3184 300 3223 eo
317 3163 433 3219 seotum
452 3162 562 3219 crinem
584 3160 655 3235 quid
679 3163 816 3219 secutum
838 3161 877 3220 sit
899 3161 1007 3219 neotit:
1030 3162 1125 3219 orneris
1147 3164 1174 3219 et
1194 3178 1265 3227 ema,
1289 3161 1334 3218 in·

317 3250 393 3324 quit,
409 3250 542 3323 dilapsos
561 3249 641 3308 color
655 3253 740 3322 atque
752 3252 786 3309 e‘o
801 3254 900 3308 ventos
912 3251 974 3308 vita
987 3251 1108 3308 recessit.
1142 3251 1324 3308 erectionem
1336 3250 1387 3300 '105

391 3441 405 3488 7
429 3438 497 3504 fatis
520 3436 572 3489 LR
600 3454 618 3490 α
640 3438 709 3505 fatie
731 3437 774 3490 ed.
888 3443 920 3490 19
944 3444 1035 3491 eutem
1058 3436 1080 3490 L
1106 3443 1217 3491 mutem
1240 3435 1266 3487 lt
1288 3435 1332 3488 ed.

314 3514 417 3562 sectum
435 3525 456 3560 r.
548 3507 832 3562 21odeaelumLR
853 3525 903 3576 per
920 3525 942 3563 e.
963 3508 1005 3562 ed.
1026 3510 1055 3561 et
1073 3507 1157 3578 Verg.
1176 3506 1256 3571 libri3
1279 3506 1333 3561 hoo

314 3578 424 3646 recepi,
449 3579 498 3632 sed
522 3578 621 3632 dubito
645 3594 681 3631 en
700 3577 770 3633 Don.
790 3596 808 3632 α
826 3578 1032 3649 eoelo'legerit.
1063 3582 1067 3648 Ι
1097 3579 1214 3648 poseida
1232 3576 1332 3630 LRin

315 3650 426 3705 roseida
450 3666 517 3703 oorr.
538 3649 604 3703 LII
622 3666 696 3703 rnen.
788 3655 822 3702 24
841 3650 972 3705 adoerius
989 3651 1044 3704 sole
1062 3649 1115 3703 LR
1137 3668 1163 3703 a.
1182 3647 1271 3704 eolem'
1287 3648 1331 3702 ed.

315 3721 430 3775 adverso
449 3722 503 3775 sole
520 3737 580 3788 noe,
600 3737 636 3774 on
656 3720 786 3775 adversus
803 3721 873 3775 soli?
955 3726 990 3775 80
1008 3722 1097 3775 omnir
1114 3721 1139 3773 R
1157 3737 1248 3775 omnes
1265 3719 1295 3773 L.

314 3798 349 3846 31
371 3793 532 3847 erectionem
551 3790 602 3845 LR
621 3792 664 3845 ed.
684 3793 827 3847 rectionem
850 3794 987 3862 utsupra
1008 3799 1120 3847 eretum
1142 3809 1193 3861 pro
1213 3798 1315 3847 sectum
