3250 4350
355 407 397 470 62
633 405 773 461 DONATI
790 405 1086 460 INTERPRsVERG.

354 577 545 650 moritumm,
563 576 636 652 -sed,
664 579 706 634 ut
726 575 839 636 dictum
866 578 924 649 est,
944 576 1194 651 praetermissum
1222 577 1268 634 est
1290 575 1364 650 quod

354 665 453 725 fuerat
474 665 660 728 luctuosum
686 685 798 740 verum,
817 685 854 724 ne
878 664 1048 740 specialiter
1069 683 1123 739 per
1144 664 1284 741 singulas-
1303 684 1364 740 per·

355 771 449 814 sonas
475 772 630 816 excurrens
657 754 785 813 nimium
810 754 946 812 tenderet
974 754 1189 828 narrationem,
1222 754 1365 828 quaedam

354 844 532 920 generaliter
550 844 668 918 miscet3
687 843 731 902 ait
750 844 829 902 enim
847 844 893 900 lu‘c
909 845 975 902 iam
990 847 1032 901 ter
1050 848 1163 901 emtmu
1180 847 1251 901 talos
1265 860 1365 918 repue-

354 934 433 991 be‘tur
455 949 549 991 ammos
569 937 652 1005 pecte
674 935 728 990 sub
751 933 903 1000 Hectorea,
926 951 987 990 non
1009 931 1071 990 iam
1092 949 1147 1005 per
1169 931 1293 990 Aenean
1316 935 1394 992 aute

354 1021 525 1098 Ascanium,
549 1024 683 1097 posteros
704 1024 806 1079 tamen
829 1025 859 1079 et
881 1022 1031 1096 proximos
1049 1021 1188 1085 Hectoris
1210 1039 1266 1080 nec
1287 1022 1364 1097 ipsos

352 1113 469 1186 utique¹
484 1111 619 1186 alienos,
638 1111 664 1170 si
691 1109 813 1185 quidem
841 1108 965 1183 Creusa,
992 1113 1089 1169 mater
1115 1109 1252 1186 Ascanii,
1285 1129 1365 1170 soror

352 1202 450 1258 fuerat
464 1200 619 1262 Hectoris.
658 1203 727 1274 post
749 1201 912 1258 triennium
934 1198 1029 1277 igitur
1046 1198 1165 1257 Aeneae
1188 1201 1219 1257 et
1240 1201 1364 1276 tn'ginta

352 1308 445 1349 annos
469 1289 589 1363 Ascani,
611 1293 680 1364 post
702 1291 850 1347 trecentos
873 1287 1037 1347 Hectoreae
1060 1289 1157 1366 gentis
1183 1289 1297 1361 rapina,
1322 1290 1363 1346 in·

353 1378 575 1453 quit,saeerdos
583 1379 685 1437 Marte
695 1379 797 1451 araris
808 1379 956 1450 remmam
963 1381 1058 1449 partu
1071 1377 1153 1435 auae
1165 1376 1231 1435 Ilia
1242 1378 1362 1450 prolem,
1374 1395 1392 1436 a

298 1473 350 1521 275
360 1467 429 1531 mdc
445 1468 543 1540 >lupae
565 1467 651 1539 'fuluo
676 1469 799 1526 matricis
822 1469 943 1540 tepeuue
965 1466 1226 1525 laetam-Romulus
1249 1467 1364 1540 accipiet

349 1560 474 1628 omrem,
492 1561 519 1614 et
549 1556 702 1616 Mauortia
734 1557 835 1614 candet
864 1556 979 1613 macuta
1011 1554 1216 1627 Ramnesque
1246 1572 1300 1613 suo
1331 1555 1362 1614 de

350 1647 569 1704 commederet.
605 1645 652 1706 lu's
674 1661 724 1718 epo
746 1662 798 1703 ma
820 1647 911 1703 mutos
933 1661 1033 1702 rerum
1054 1661 1106 1703 uec
1129 1649 1259 1716 termera
1277 1661 1360 1718 poue

352 1736 506 1807 lampertum
527 1736 590 1792 siue
612 1735 671 1806 fiae
689 1734 764 1792 dealt.
800 1737 927 1791 ventura
945 1733 1135 1810 significabat
1153 1733 1275 1800 Romuli
1292 1737 1360 1792 tem·
1401 1768 1402 1803 3

350 1842 424 1899 pora
446 1823 505 1882 llia
532 1828 562 1882 et
584 1822 681 1881 Marte
708 1822 881 1898 parentibus
905 1823 1012 1900 geniti3
1044 1821 1190 1898 quilicet
1212 1821 1272 1880 duo
1293 1821 1393 1883 fuis-u:

350 1915 416 1971 sent
442 1931 502 1972 uno
530 1916 621 1987 partu
648 1912 774 1987 prolati,
801 1931 896 1969 unum
922 1915 1024 1969 tamen
1052 1911 1108 1970 hoc
1135 1914 1180 1970 est
1202 1909 1359 1970 Romulum

316 2023 319 2027 ·
349 2002 509 2077 imperium
535 2004 720 2060 retenturum
747 2000 833 2073 dicit,
865 1999 977 2064 Remus¹
1003 2001 1083 2058 enim
1112 2001 1247 2059 fraterna
1275 2019 1359 2059 mauu

350 2090 574 2168 significabatur
600 2091 787 2163 interiturum
822 2090 874 2163 qui
901 2092 1006 2164 postea
1029 2087 1169 2157 Quirinus
1195 2089 1358 2164 appellatus
1400 2132 1402 2169 ,

350 2184 403 2254 est,
426 2183 460 2238 ut
483 2180 635 2239 obscurari
658 2178 852 2255 parricidium
874 2184 982 2254 posset.
1019 2179 1097 2237 hunc
1116 2178 1278 2238 Romulum
1296 2198 1358 2237 con-

350 2270 482 2328 diturum
505 2269 631 2328 Romam
654 2269 727 2328 dicit
751 2272 780 2326 et
803 2286 852 2325 eos
877 2270 928 2342 qui
951 2268 1005 2326 sub
1029 2269 1092 2327 eius
1115 2267 1241 2342 imperio
1270 2268 1402 2346 utura,

349 2362 446 2418 essent
474 2358 694 2433 appellaturum
716 2357 880 2430 Romanos,
902 2361 989 2415 tanta
1011 2356 1155 2415 felicitate
1178 2361 1358 2434 regnaturos,

348 2452 382 2506 ut
404 2450 537 2522 ipsorum
559 2450 693 2522 potestas
710 2446 801 2505 nullis
825 2450 858 2504 ut
882 2446 1043 2504 alterorum
1066 2463 1170 2523 regum
1195 2450 1358 2522 temporum

347 2536 481 2595 terminis
501 2536 695 2611 clauderetur,
709 2535 890 2610 perindeque
908 2535 1084 2593 felicitatem
1102 2537 1200 2609 ipsam
1218 2540 1358 2611 perpetuo

347 2644 525 2685 mansuram.
573 2625 652 2700 quod
680 2629 780 2684 antem
803 2623 904 2682 Venus
928 2624 1046 2698 oblique
1069 2623 1171 2699 posuit
1194 2627 1302 2698 „unius
1324 2624 1358 2683 ob

347 2717 424 2772 iram
447 2712 627 2790 prodimur“,
649 2715 705 2773 hoc
727 2714 863 2788 Iuppiter
886 2713 1046 2787 intellecto,
1069 2715 1103 2770 ut
1125 2712 1282 2773 laetiorem
1304 2712 1358 2771 Ve-
1373 2715 1400 2765 ’ὓ

295 2809 345 2856 280
356 2823 455 2865 nerem
478 2804 597 2877 faceret,
619 2805 663 2862 ait
686 2805 758 2875 quia
781 2819 888 2875 aspera
905 2803 994 2869 Iuno,
1017 2820 1091 2874 quae
1111 2820 1193 2860 mare
1209 2821 1289 2862 ummo
1307 2807 1358 2862 ter·

346 2910 452 2964 easque
479 2897 556 2950 metu
583 2893 749 2963 caetmuque
775 2892 894 2964 suamet,
924 2892 1046 2950 causalia
1072 2893 1105 2948 iu
1131 2892 1236 2949 metius
1258 2893 1360 2965 referet

346 2998 511 3053 mecumque
538 2983 644 3054 facebat
666 2981 828 3048 Romanas,
855 2998 955 3038 rerum
979 2981 1111 3038 dammas
1131 2985 1299 3054 aculeusque
1321 2986 1360 3039 ta

344 3075 453 3142 ‚autam
498 3070 530 3127 in
553 3072 671 3128 tantum
694 3069 852 3144 pollicetur
876 3069 976 3126 omnia
998 3070 1061 3126 fore
1084 3069 1299 3145 prosperrima,
1325 3074 1359 3128 ut

346 3162 444 3234 ipsam
467 3178 583 3233 quoque
608 3159 782 3217 acerrimam
804 3158 956 3216 inimicam
979 3157 1123 3216 Iunonem
1151 3160 1182 3216 et
1209 3158 1359 3234 depositu-
1373 3160 1402 3209 θ’

345 3269 410 3305 ram
429 3247 538 3307 diceret
557 3249 730 3306 inimicitias
755 3251 784 3305 et
807 3249 959 3305 fauturum
983 3248 1011 3304 ei
1033 3246 1135 3324 generi
1158 3247 1238 3321 quod
1261 3248 1359 3306 fuerat

345 3341 508 3412 persecuta.
554 3337 592 3394 ad
620 3339 737 3395 Aeneae
765 3335 923 3395 accedebat
950 3338 1090 3394 meritum
1118 3336 1196 3410 quod
1223 3336 1359 3413 Iuppiter

417 3513 432 3559 6
447 3513 570 3575 postcras
588 3506 640 3559 LR
653 3524 705 3575 per
719 3512 842 3574 posteros
859 3524 880 3558 r.
939 3511 955 3559 8
973 3506 1059 3571 fuerit
1073 3505 1124 3558 LR
1137 3506 1195 3571 fuet
1208 3506 1252 3560 ed.
1267 3507 1359 3573 fuerat

344 3595 402 3631 nos.
459 3583 474 3631 9
490 3585 618 3633 tercentos
632 3578 675 3631 ed.
732 3584 766 3630 14
781 3578 895 3631 Romuli
909 3578 961 3630 LR
975 3576 1023 3629 edi
1041 3583 1066 3629 et
1080 3578 1161 3632 Reaeu'
1175 3576 1240 3631 add.
1257 3578 1323 3633 edil.

346 3655 378 3701 15
396 3652 483 3719 pemati
501 3649 553 3702 LR
570 3652 639 3703 mut.
659 3649 701 3702 ed.
766 3654 797 3702 18
818 3649 1028 3718 siyuifieubatur
1048 3648 1099 3701 LR
1112 3647 1154 3701 ed.
1171 3648 1272 3703 dubito
1291 3668 1359 3704 num

344 3724 426 3774 recte.
517 3728 549 3774 21
569 3727 700 3788 lautaque
717 3738 739 3774 r.
829 3726 864 3773 22
879 3726 1043 3788 potestas-
1054 3725 1087 3772 23
1106 3720 1282 3775 clauderetur
1300 3738 1359 3775 cor·

343 3792 420 3860 rupit
439 3793 481 3847 ed.
555 3798 588 3846 23
606 3793 770 3857 facilitatem
788 3792 814 3844 R
832 3808 900 3845 corr.
920 3809 942 3845 r.
