3250 4350
654 404 837 459 AENEIDOS
856 405 881 460 V
1215 403 1283 469 467

266 574 393 632 locatus:
415 572 513 633 noluit
531 574 610 632 enim
629 593 688 632 non
706 576 889 649 pertinentia
909 574 947 632 ad
961 594 1023 632 rem
1036 573 1175 649 plurimis
1189 574 1286 648 loqui„

267 667 330 721 tam
351 664 437 721 laeva
459 667 578 721 tauram
602 680 692 721 coroa
715 668 789 723 tract
806 667 892 736 alque
909 666 952 722 ita
969 664 1067 735 fatur:
1089 665 1218 737 taurum,
1237 663 1281 721 in-

266 753 343 827 quit,
365 752 453 810 laeva
475 770 566 809 manu
592 771 683 810 cornu
705 753 812 827 tenuit,
832 754 919 828 quasi
937 754 1054 810 retento
1074 770 1166 811 cornu
1184 755 1282 810 totum

266 844 389 900 tamum
412 843 564 915 tenuisset,
583 841 689 900 deinde
708 841 750 900 sic
768 842 886 901 locutus
905 843 962 899 est:
984 843 1052 900 nata
1070 841 1134 908 dea,
1154 843 1181 899 si
1198 858 1282 900 aeaco

233 931 357 991 suadet
381 948 412 989 se
444 931 558 989 credere
583 948 718 1003 pugnae:
755 930 879 989 dicendo
912 929 1002 988 audet
1034 929 1192 1007 adrogavit
1225 930 1283 988 sibi

267 1039 359 1094 quam
385 1020 558 1095 plurimum.
604 1037 679 1092 qaae
705 1021 775 1092 siais
801 1020 921 1078 maadi?
947 1035 1003 1092 qao
1025 1035 1070 1076 me
1093 1019 1171 1077 decet
1191 1036 1284 1092 aeque

266 1109 378 1167 teneri?
406 1110 510 1168 ducere
537 1110 616 1167 dona
642 1109 722 1166 tabe:
759 1108 914 1184 quamdiu,
938 1108 1050 1182 inquit,
1073 1105 1140 1166 sto?
1165 1110 1195 1166 et
1217 1109 1341 1165 hooeee

266 1198 367 1272 ipsum
391 1217 449 1272 quo
468 1198 526 1255 fine
546 1195 716 1256 clauditur?
738 1196 861 1273 proinde
880 1197 1011 1256 sinemo
1030 1200 1074 1256 est
1098 1199 1150 1271 qui
1174 1197 1283 1256 audeat

269 1286 422 1363 congredi,
454 1287 523 1345 iube
555 1306 602 1344 me
635 1287 716 1345 abire
749 1305 817 1344 oum
850 1286 936 1345 dono.
987 1289 1082 1345 araca
1113 1287 1203 1344 simol
1234 1302 1283 1345 ore

222 1377 431 1449 1osremcbaat
461 1376 658 1435 Dardanidae
688 1375 828 1449 reddique
860 1378 923 1434 ciro
949 1377 1100 1448 promissa
1131 1376 1310 1433 iubebant·

267 1466 335 1540 ipsa
363 1467 408 1523 est
436 1484 519 1523 vera⁴
533 1464 651 1524 iustitia
678 1484 754 1540 quae
778 1484 838 1524 uno
860 1466 954 1523 totius
978 1482 1123 1523 consensu
1146 1465 1282 1522 multitu-

267 1553 346 1613 dinis
370 1554 581 1628 conprobatur:
614 1554 738 1629 proinde
761 1556 792 1611 in
819 1573 911 1611 unum
938 1552 1080 1611 favebant
1108 1555 1220 1627 cuncti,
1247 1555 1283 1612 ut

266 1662 323 1717 pro
354 1645 467 1701 victore
500 1642 660 1702 haberetur
692 1645 744 1717 qui
773 1662 877 1718 parem
903 1642 1011 1701 habere
1038 1661 1099 1700 non
1125 1644 1226 1717 potuit
1253 1645 1283 1701 et

267 1732 392 1789 duceret
414 1732 499 1791 dona.
538 1732 616 1806 quod
641 1734 684 1790 ait
706 1733 771 1789 viro
794 1732 888 1806 reddi,
907 1750 966 1789 non
985 1749 1087 1790 sexum
1105 1731 1283 1808 significare,

219 1840 250 1881 1⁶
267 1819 320 1879 scd
343 1822 482 1878 meritum
505 1822 615 1896 voluit3
651 1820 761 1896 quippe
784 1822 850 1880 viro
873 1820 982 1880 dixisse
1005 1823 1194 1898 cognoscitur
1216 1825 1283 1879 tan-

266 1911 369 1967 torum
395 1912 582 1985 meritorum,
609 1913 713 1968 tantae
742 1910 876 1982 virtutis,
904 1911 1007 1968 tantae
1035 1909 1121 1982 artis,
1149 1913 1196 1968 tot
1218 1910 1283 1985 pol-

265 1998 343 2055 lenti
366 2001 513 2073 rictoriiS,
542 1998 580 2057 ad
609 2003 771 2058 extremum
799 2017 889 2073 quem
917 2000 1003 2056 tanta
1030 1998 1193 2057 multitudo
1216 2018 1283 2073 per-

266 2087 379 2145 timuit.
424 2089 470 2146 hic
495 2090 597 2161 prauis
620 2089 770 2146 Entellum
798 2088 883 2146 dietis
906 2090 1029 2161 castigat
1051 2090 1183 2146 Acestes?
1209 2086 1282 2146 bene

267 2177 345 2235 dixit
368 2176 455 2236 dictis
479 2180 621 2255 castigat:
645 2180 732 2253 quasi
746 2197 790 2250 ex
811 2178 959 2253 patientia
978 2177 1200 2251 delinquentem
1218 2197 1282 2235 ver·
1359 2240 1361 2244 ,

221 2286 251 2326 so
266 2266 354 2323 berat
380 2266 492 2340 verbis,
519 2267 576 2325 hoc
601 2269 647 2325 est
670 2268 778 2343 arguit.
820 2269 976 2340 proximas
997 2270 1031 2323 at
1052 2267 1199 2325 viridante
1222 2270 1283 2324 toro

267 2355 436 2414 consederat
457 2356 575 2415 herbae:
599 2376 633 2414 ex
653 2376 688 2415 ea
707 2358 861 2414 occasione
881 2374 948 2414 eum
967 2352 1066 2413 verbis
1085 2355 1282 2430 obiurgativis

267 2443 425 2519 adgressus
449 2447 502 2518 est,
526 2445 607 2520 quod
630 2447 658 2503 ei
681 2446 713 2502 in
736 2462 874 2504 consessu
896 2443 1048 2519 proximus
1072 2444 1190 2517 fuisset,
1215 2461 1282 2502 oon-

266 2551 365 2591 sessus
394 2536 493 2590 autem
522 2535 586 2609 ipse
614 2534 672 2591 fuit
699 2534 798 2592 herbis
826 2535 991 2606 extructus,
1021 2533 1092 2607 quia
1119 2534 1151 2590 in
1178 2551 1282 2608 campo

269 2622 353 2679 aliud
376 2621 455 2697 quod
479 2640 609 2683 sessuros
633 2624 781 2697 exciperet
798 2642 858 2681 non
877 2623 984 2681 fuerat.
1021 2622 1145 2689 Entella,
1164 2622 1283 2679 beroam

222 2729 251 2770 ss
267 2711 416 2784 qaoaaoa
438 2712 609 2783 fortissime:
642 2712 811 2789 obiurgatio
835 2731 895 2770 non
918 2712 1072 2786 iniuriosa,
1097 2710 1148 2769 sed
1171 2710 1283 2770 habens

266 2798 432 2858 admixtam
454 2800 587 2859 laudern:
611 2800 737 2874 Entello,
761 2800 847 2875 soles,
868 2801 978 2875 inquit,
997 2800 1183 2859 intersertis
1202 2802 1282 2858 viros

265 2888 449 2947 fortissimus
477 2891 635 2948 numerari.
681 2892 797 2963 frastra
825 2892 944 2948 tantane
972 2892 1169 2961 temperans
1191 2890 1337 2948 nataaeo
1374 2935 1376 2940 .

266 2979 423 3035 certamine
450 2978 512 3036 tolli
540 2979 618 3037 doaa
640 2979 738 3037 aare?
783 2980 932 3053 poteritne
955 2980 1076 3037 tantum
1100 2978 1206 3037 durare
1230 2998 1282 3053 pa·

264 3067 375 3124 tientia
398 3070 460 3139 tua,
483 3069 517 3124 ut
540 3068 621 3125 nullo
641 3069 772 3126 certante
790 3068 903 3126 frustra
920 3068 1088 3143 praemium
1106 3068 1138 3124 in
1157 3069 1282 3127 alterius

340 3224 353 3270 1
379 3220 484 3272 locatas
506 3218 559 3272 LR
585 3225 708 3274 moratas
733 3217 775 3271 ed.
805 3221 834 3271 et
856 3217 975 3288 Vergilii
1004 3218 1082 3272 libri:
1115 3219 1221 3272 locutas
1249 3234 1283 3271 ex

265 3291 383 3357 interpr.
398 3290 543 3357 irrepsisse
562 3290 681 3344 videtur.
751 3294 767 3342 b
787 3291 932 3359 adrapaa't
944 3288 970 3341 a
988 3290 1041 3343 -br't
1054 3289 1075 3341 L
1096 3296 1155 3359 -pat
1170 3288 1223 3343 OU
1238 3289 1280 3342 ed.

340 3365 355 3413 6
379 3361 486 3428 qaaeL
510 3362 559 3429 qai
576 3362 602 3414 R
624 3378 686 3414 r=
700 3360 730 3413 L.
823 3362 998 3415 Sclaaditar
1016 3359 1068 3412 LR
1091 3359 1281 3414 claudatarO

265 3432 401 3485 laudatae·
422 3430 479 3484 ΗΠ
503 3432 551 3487 edI
573 3433 703 3487 tardatio
725 3431 791 3487 ean.
885 3437 917 3484 10
941 3432 1094 3496 fremebant
1115 3432 1140 3483 a
1159 3449 1282 3499 praeme-

265 3504 334 3557 baat
351 3502 381 3554 L.
439 3507 470 3554 16
490 3505 547 3558 arti
564 3502 617 3555 LR
635 3518 703 3556 corr.
719 3502 762 3556 ed.
823 3508 856 3555 21
877 3503 1032 3557 οοπείἀεναι
1050 3502 1109 3554 th.
1166 3508 1199 3554 22
1219 3519 1283 3557 coa·

262 3591 390 3630 ecasu—
401 3589 545 3628 consensus
563 3573 585 3626 L
603 3575 636 3626 ut
655 3578 707 3627 290
725 3576 757 3629 ia
776 3590 829 3627 om.
845 3574 910 3628 edF.
983 3579 1017 3627 24
1036 3574 1116 3628 aliud
1134 3574 1207 3641 qaod
1223 3590 1244 3627 s.
1261 3590 1282 3626 e.

263 3662 321 3700 noa
340 3647 434 3711 fuerat
451 3645 472 3697 L
492 3646 571 3700 aliud
589 3662 647 3700 aaa
663 3645 721 3712 fait
739 3646 812 3715 qaod
829 3662 850 3699 a.
865 3662 886 3699 a
905 3644 931 3696 R
948 3662 1011 3697 r=
1025 3644 1055 3697 L.
1136 3649 1169 3696 27
1189 3660 1282 3697 areaa-

261 3718 327 3773 rari
344 3715 367 3768 L
385 3717 526 3771 nominari
544 3716 570 3769 R
587 3734 649 3769 r==
663 3715 694 3769 L.
724 3720 728 3783 1
762 3720 829 3785 post
846 3719 954 3785 frastra
972 3731 1029 3769 non
1048 3714 1165 3768 distinxi
1185 3731 1283 3769 secun·

262 3789 333 3842 dum
352 3787 466 3855 interpr.

1013 3876 1069 3929 ab*
