3250 4350
632 452 634 455 ·
668 418 895 474 alamuosa
1230 420 1294 485 189

270 592 361 666 quies
385 608 456 668 ergo
479 582 659 652 dormientis
677 589 804 665 abrupta
828 593 882 648 est.
922 594 949 649 et
966 592 1073 647 samm
1090 591 1295 663 fasttpia-tecti

272 696 400 738 asceam
421 696 527 752 supere
550 683 637 752 atque
658 681 780 738 arrectis
803 679 927 738 auribus
950 679 1048 736 adab:
1070 678 1161 753 volui,
1183 681 1293 754 inquit,

272 768 349 844 quid
381 786 488 826 causae
520 771 597 827 esset
628 767 781 844 explorare
813 767 850 826 de
877 785 1001 826 summo.
1048 785 1170 826 ascensu
1196 767 1292 845 igitur

272 875 341 915 meo
367 858 506 932 superavi
528 875 677 916 summum
699 859 811 916 tectum
835 859 866 915 et
888 857 1013 916 attentis
1034 855 1156 914 auribus
1175 857 1293 934 singula

240 945 362 1021 accepi
386 950 515 1021 captare,
539 945 793 1021 conprehensums
817 946 931 1004 scilieet
954 964 989 1002 ex
1012 946 1075 1003 alto
1098 960 1175 1020 quae
1197 945 1294 1004 videri

272 1055 329 1110 per
352 1034 490 1093 incendia
512 1039 634 1111 possent
656 1035 705 1093 vel
728 1034 876 1093 audiendo
900 1036 1046 1112 cognosci.
1091 1033 1189 1092 mittit
1211 1036 1292 1092 simi·

273 1123 449 1197 litudinem‚
476 1126 511 1182 ut
533 1123 673 1183 ostendat
696 1122 945 1199 quemadmodum
968 1124 1075 1181 civitas
1099 1122 1223 1181 ardebat
1244 1123 1293 1182 rel

274 1213 530 1288 quemadmodum
553 1215 696 1287 strepitus
718 1213 768 1272 vel
786 1213 930 1271 clamores
949 1212 1059 1272 diversi
1076 1212 1236 1271 veniebant
1254 1212 1292 1270 ad

273 1302 360 1361 auris
384 1302 457 1376 eius,
481 1320 656 1376 comparans
679 1301 737 1362 sibi
759 1303 920 1380 pastorem,
938 1304 1052 1378 segetes
1070 1320 1141 1360 vero
1158 1300 1292 1366 ‘ardentis

218 1414 258 1455 xo
273 1395 417 1450 incensae
439 1392 565 1466 patriae,
589 1391 732 1450 maiorem
754 1392 817 1449 vim
839 1391 949 1449 maiori
971 1391 1143 1464 violentiae,
1166 1391 1292 1449 furentis

273 1483 395 1538 austros
419 1479 619 1539 saevientibus
642 1478 771 1539 Graecis.
808 1479 919 1538 ideirco
942 1481 986 1537 ait
1008 1482 1041 1538 iu
1063 1483 1183 1553 repetem
1204 1480 1293 1539 celati

272 1575 343 1628 ccam
361 1571 483 1640 (tamma
500 1569 666 1641 fureutibus
684 1571 795 1627 austris
812 1569 917 1627 eccidit
934 1569 1128 1642 eutrapetus
1145 1573 1283 1626 meatque
1293 1573 1344 1622 305

272 1659 399 1729 flumine
428 1661 540 1716 terreus
569 1660 671 1717 sternit
699 1674 798 1731 apros,
826 1660 929 1716 steruit
954 1662 1021 1716 cata
1047 1659 1125 1716 taeta
1152 1657 1293 1730 boumque

272 1749 392 1806 labores
409 1749 647 1820 praecipitesque
662 1748 752 1805 ualuit
773 1747 873 1813 situas,
896 1751 992 1819 stupet
1012 1748 1123 1804 tuccius
1141 1748 1199 1804 atto
1218 1749 1292 1805 acci-

221 1859 259 1899 na
268 1838 361 1910 puae
382 1838 509 1894 sonitum
531 1838 598 1895 saci
620 1837 656 1895 dc
677 1838 780 1894 curtim
797 1840 911 1908 pauor.
956 1840 1018 1893 mm
1039 1852 1106 1894 cero
1133 1838 1292 1908 manifesta

273 1927 351 1996 fides
368 1925 568 1998 Danaumque
585 1928 741 1998 patescunt
761 1926 896 1984 insidiae.
936 1927 1016 1999 tunc,
1034 1924 1143 1999 inquit,
1161 1925 1282 1983 incertis
1293 1930 1345 1980 310

275 2019 306 2072 et
329 2013 430 2072 dubiis
453 2012 657 2072 recedentibus
675 2014 836 2072 manifesta
855 2015 965 2072 veritas
983 2015 1091 2089 patuit,
1109 2015 1181 2071 tunc
1201 2011 1291 2072 Grae·

274 2122 379 2162 corum
402 2102 529 2161 insidiae
552 2101 774 2162 dominantibus
796 2104 858 2160 iam
881 2103 969 2162 malis
991 2104 1102 2161 nostris
1130 2101 1291 2160 evidentis-

275 2196 350 2251 sime
373 2193 553 2250 claruerunt.
599 2194 729 2252 narratis
752 2194 869 2251 interea
892 2211 968 2268 quae
991 2192 1112 2251 auribus
1136 2195 1292 2267 acceperat

228 2299 263 2339 aa
277 2282 385 2356 incipit
411 2281 522 2339 referre
548 2281 629 2357 quod
655 2281 825 2357 pertinebat
852 2281 891 2339 ad
917 2283 1029 2340 visumt
1060 2285 1122 2340 iam
1146 2281 1292 2354 Deiphobi

276 2371 357 2429 dedit
382 2370 485 2443 crupta
511 2372 632 2429 rubeam
661 2372 791 2430 Vulcano
818 2374 975 2443 superante
997 2372 1113 2438 danus,
1141 2373 1203 2428 iam
1219 2387 1291 2442 prc-

277 2463 374 2517 rimus
393 2458 477 2517 arctet
499 2460 651 2533 Ucatepcu,
670 2459 758 2532 Siqea
775 2462 838 2533 ipat
860 2461 937 2531 freta
959 2458 1021 2517 tata
1043 2461 1176 2517 retueeut.
1220 2460 1291 2529 iam,

277 2548 385 2624 iuquit,
408 2546 533 2607 ardebat
555 2548 698 2624 quicquid
720 2548 830 2607 nostris
853 2547 1017 2622 parietibus
1037 2549 1205 2623 proximum
1223 2547 1290 2620 fuit,

278 2635 427 2712 Deiphobi
459 2639 490 2695 et
520 2636 699 2715 Ucalegonis
733 2637 852 2710 domus,
874 2638 949 2695 ‘iam
983 2637 1110 2695 funestis
1145 2632 1290 2694 incendiis
1366 2663 1368 2666 ·

236 2740 271 2782 aa
281 2726 393 2799 patriae
412 2725 625 2784 inluminatum
643 2727 742 2785 fuerat
754 2745 845 2785 mare.
876 2728 1004 2784 eucritur⁴
1016 2727 1180 2798 clamorque
1194 2727 1291 2783 airum

282 2817 451 2889 ctauqcrquc
469 2815 620 2874 tubarum:
643 2833 678 2873 eo
699 2815 839 2892 pertinet,
858 2816 931 2891 quia
949 2814 1025 2872 dixit
1047 2817 1110 2872 tum
1134 2832 1204 2873 vero
1227 2833 1290 2872 ma·-

282 2905 388 2963 nifesta
401 2904 473 2962 fides
488 2904 685 2980 Danaumque
702 2906 862 2979 patescunt
879 2904 1013 2962 insidiae.
1042 2906 1161 2961 tantum
1180 2903 1290 2978 quippe

282 2993 466 3065 proiecerant
485 2990 664 3052 Graecorum
688 2992 759 3068 doli,
781 2995 817 3052 ut
837 2993 915 3051 nihil
937 2994 998 3050 iam
1021 2994 1188 3068 superesset
1211 2993 1290 3066 quod

280 3082 392 3141 occulte
415 3081 600 3156 molirentur,
622 3100 716 3157 usque
740 3082 814 3141 adeo
837 3084 874 3140 ut
895 3100 949 3140 nec
973 3082 1101 3139 clamare
1123 3082 1292 3139 metuerent

218 3161 330 3229 '⁸⁰nec
354 3189 476 3230 suorum
500 3171 615 3230 animos
637 3171 774 3230 tubarum
800 3170 990 3248 clangoribus
1013 3172 1149 3229 excitare.
1191 3170 1291 3228 videa·

278 3274 342 3319 rnus
365 3259 415 3318 hic
438 3259 539 3335 qualis.
558 3260 676 3318 Aeneae
699 3262 847 3318 tractatus
869 3259 1001 3333 inducat,
1025 3260 1074 3317 cui
1096 3261 1196 3336 imago
1215 3258 1290 3318 Hec-

275 3342 350 3407 toris
368 3348 544 3425 fugiendum
558 3348 673 3407 dixerat
687 3351 717 3407 et
730 3349 815 3408 cuius
830 3347 998 3424 aspectibus
1015 3348 1156 3407 interitus
1174 3349 1290 3422 patriae

276 3436 457 3496 Subiacebat.
504 3437 619 3511 audito,
647 3437 759 3513 inquit,
786 3437 928 3496 tubarum
956 3437 1095 3516 clangore
1125 3439 1155 3494 et
1186 3438 1289 3511 aperto

276 3525 392 3591 excidio
416 3526 547 3585 civitatis
571 3544 710 3586 aecensus
732 3545 792 3585 non
815 3527 890 3604 fugi,
913 3528 949 3584 ut
971 3526 1093 3585 Hectori
1115 3526 1213 3583 visum
1237 3527 1290 3598 est,

297 3756 302 3764 ·
351 3728 699 3790 repudiabamus
765 3731 876 3784 attam
894 3729 1124 3784 LReticmed.
1193 3735 1226 3781 31
1247 3730 1289 3781 ia
1335 3784 1343 3802 ,

278 3800 399 3857 (Μαίων
416 3802 460 3857 ed.
533 3807 567 3856 tta
585 3803 749 3873 supieudum
768 3801 819 3855 LR-
837 3803 858 3868 f.
873 3819 927 3857 cese
945 3802 1019 3871 edi
1049 3801 1192 3867 affectibus
1210 3800 1253 3853 ed.
