3250 4350
347 406 414 473 322
630 405 770 463 noum
786 405 956 461 minare.
975 405 1083 461 VERG.

347 577 378 635 oi
394 579 506 650 partus
528 580 556 637 et
575 576 667 637 andis
683 576 862 651 Hesperiam
878 574 976 636 Sinda
999 576 1077 636 latas
1095 575 1223 637 araca
1241 594 1368 651 urracae

348 669 375 725 et
387 666 474 725 rrrbee
487 666 570 725 litore
583 665 719 727 diductae
732 669 857 740 aayaeto
870 666 1003 726 interluit
1015 667 1112 725 acetm
1134 663 1365 743 descriptionem

347 755 443 830 partis
470 754 561 813 huius
588 755 680 830 poeta
707 753 880 814 cumomni
902 754 1019 814 cautela
1041 753 1248 831 prosequitur.
1296 754 1367 815 dixit

348 845 429 903 enim
447 862 510 904 sese
526 843 681 920 opiniones
698 845 835 903 veterum
852 845 946 919 sequi,
965 843 1017 919 qui
1034 861 1126 903 unam
1145 843 1243 905 fuisse
1262 842 1366 904 Italiae

347 935 439 1009 atque
454 931 576 993 Siciliae
590 934 701 993 terram
717 931 903 1002 confirmant,
916 931 969 992 sed
985 931 1204 993 interveniente
1222 932 1387 994 violentias

346 1021 456 1099 pelagi,
481 1022 609 1100 angusto
632 1021 703 1081 licet
725 1021 822 1097 heco,
836 1039 899 1083 esse
922 1021 1058 1097 divisam,
1084 1025 1120 1081 ut
1140 1023 1225 1081 inter
1247 1021 1365 1083 Italiam

347 1113 378 1170 et
393 1109 528 1170 Siciliam
542 1112 620 1170 esset
632 1109 765 1170 medium
776 1128 868 1170 mare.
897 1113 927 1170 et
945 1110 1086 1187 quiahoc
1099 1109 1259 1188 Vergilius
1273 1113 1366 1172 noluit

347 1218 411 1260 esse
425 1199 605 1273 fabulosum,
616 1198 732 1258 addidit
745 1203 964 1277 argumentum,
972 1202 1008 1259 ut
1021 1198 1103 1276 quod
1115 1199 1235 1260 incerto
1250 1205 1366 1261 auctore

346 1288 500 1349 ferebatur
521 1288 570 1348 vel
593 1306 698 1348 verum
720 1288 769 1348 vel
790 1288 942 1349 versimile
963 1287 1067 1364 fient,
1084 1289 1129 1347 ait
1148 1288 1232 1349 enim
1250 1293 1365 1351 tantum

347 1378 416 1437 aevi
438 1377 602 1456 longinqua
624 1376 708 1438 valet
729 1380 847 1438 mutare
864 1379 1007 1438 vetustas.
1042 1377 1208 1437 multorum
1227 1379 1311 1439 enim
1327 1378 1394 1439 lon

348 1485 450 1527 comm
478 1468 553 1527 situs
581 1470 612 1526 et
637 1466 730 1526 facies
756 1466 916 1544 longorum
936 1468 1106 1543 temporum
1127 1469 1286 1529 vetustate
1307 1487 1365 1527 mu-

346 1557 452 1615 tantur
465 1558 496 1614 et
508 1555 663 1616 recedente
677 1558 787 1615 natura
800 1556 834 1614 in
847 1556 923 1615 alias
936 1555 1048 1615 formas
1060 1558 1184 1631 repente
1198 1559 1365 1618 vertuntrr.

347 1643 425 1704 dixit
448 1662 569 1705 cansam
592 1663 710 1721 quoque
731 1643 846 1722 pelagi,
868 1647 904 1704 ut
924 1648 1023 1704 terrae
1045 1644 1217 1705 naturalem
1242 1649 1365 1723 aperiero

345 1752 450 1792 unam.
467 1736 557 1793 antea
585 1733 734 1809 posterius
767 1733 904 1794 diviserit
934 1733 967 1792 iu
997 1732 1072 1793 duas
1103 1732 1210 1809 partis.
1264 1734 1365 1813 incipit

347 1821 444 1881 dicere
467 1840 520 1881 cnr
542 1824 639 1901 magis
661 1821 789 1882 tenenda
813 1821 853 1882 sit
874 1822 971 1897 laeva,
994 1840 1047 1881 cur
1067 1820 1192 1881 dextera
1215 1823 1394 1903 largiendas

346 1911 470 1971 sedhic
493 1911 707 1972 advehendum
730 1914 776 1971 eat
798 1910 989 1972 tendentibus
1012 1910 1051 1971 ad
1072 1910 1197 1971 Italiam
1224 1911 1289 1974 dici
1309 1913 1364 1974 lae

346 2020 417 2059 vum
444 2001 526 2060 latus
557 2003 589 2060 et
621 2000 787 2075 dexterum,
825 2002 957 2060 ceterum
984 1999 1178 2061 redeuntibus
1212 2004 1363 2062 mianum

345 2089 380 2148 fit
409 2089 488 2164 quod
515 2090 615 2148 fuerat
642 2089 808 2148 dexterum:
843 2089 901 2149 hoc
927 2090 974 2148 ita
1000 2106 1063 2148 esse
1090 2088 1240 2166 probatur
1273 2111 1308 2151 ex
1333 2109 1362 2150 eo

346 2179 417 2255 quia
433 2224 730 2240 ..............
753 2178 830 2237 vitia
852 2179 960 2254 incipit
981 2180 1092 2237 referre
1114 2179 1221 2239 lateris
1246 2181 1363 2253 dexteri,

347 2270 462 2327 sinistri
490 2270 594 2342 etiam,
622 2269 674 2326 sed
702 2270 783 2327 facta
811 2269 1023 2343 conparatione
1051 2268 1117 2326 vult
1143 2270 1259 2329 referre
1290 2269 1393 2346 quoda

292 2359 435 2417 caciacus
458 2356 598 2416 videatur
621 2376 683 2416 esse
707 2356 864 2416 dexterius.
910 2356 1052 2425 dextram,
1074 2358 1127 2430 ait,
1150 2356 1254 2432 Scylla
1282 2362 1362 2424 latas,

346 2448 462 2506 lucram
489 2448 639 2519 inplacala
666 2446 831 2520 Charybdis
853 2446 976 2505 obsidet:
1007 2447 1088 2505 latus
1116 2448 1147 2504 et
1174 2446 1296 2508 obsidet
1321 2449 1362 2506 bis

346 2535 552 2611 accipiendum
576 2539 620 2594 est
643 2536 699 2594 hoc
721 2535 823 2593 modo:
851 2535 986 2594 dextmm
1010 2533 1112 2610 Scylla
1134 2534 1217 2594 latus
1243 2538 1364 2609 obsidet,

345 2626 464 2684 laevum
493 2625 574 2682 latus
605 2622 769 2701 Charybdis
798 2624 921 2683 obsidet.
968 2622 1101 2699 Scyllam
1128 2626 1229 2699 primo
1258 2628 1362 2702 posuit,

346 2713 451 2772 deinde
476 2712 671 2789 Charybdim,
694 2732 811 2787 verum,
839 2732 876 2771 ne
899 2713 1034 2770 hiantem
1057 2714 1170 2772 faceret
1192 2714 1392 2786 dictionemn

346 2821 405 2860 non
433 2802 524 2860 rediit
553 2802 591 2860 ad
615 2801 759 2878 Scyllam,
787 2806 822 2860 ut
850 2802 946 2877 ipsam
969 2803 1067 2877 primo
1091 2801 1287 2881 describeret,
1315 2804 1362 2864 sed

347 2895 465 2950 secutus
494 2893 539 2949 est
568 2890 732 2966 Charybdis
761 2890 1045 2949 demonstrationem
1073 2893 1103 2949 et
1130 2892 1175 2950 sic
1203 2893 1297 2951 rediit
1327 2892 1362 2950 ad

348 2979 487 3054 Scyllam.
535 2980 643 3037 vitium
666 2999 737 3056 ergo
762 2978 927 3055 Charybdis
950 2979 1010 3037 fuit
1031 2979 1108 3039 tale:
1144 2982 1203 3038 imo
1233 2983 1362 3041 barathri

419 3154 433 3200 2
453 3148 569 3202 deducta
588 3148 647 3201 th.
722 3155 738 3202 4
757 3165 811 3203 esee
832 3148 881 3201 LR
900 3149 943 3201 ed.
962 3165 989 3203 ar
1006 3166 1021 3201 r
1038 3165 1093 3203 aesc
1110 3166 1171 3203 nos.
1192 3150 1196 3218 Ι
1223 3154 1302 3220 sequi
1317 3152 1363 3219 ari

346 3236 399 3273 om.
415 3219 458 3274 ed.
537 3220 707 3275 haicitalr'ae
726 3219 777 3273 LR
795 3220 902 3274 siciliae
919 3238 941 3273 r.
967 3222 971 3289 Ι
1000 3221 1145 3288 confirmat
1163 3221 1206 3275 ed.
1235 3227 1239 3290 Ι
1269 3240 1296 3277 sc
1312 3221 1361 3274 LR

345 3292 392 3345 aad
409 3308 424 3344 r
443 3307 495 3343 om.
512 3291 555 3344 ed.
630 3295 663 3343 10
683 3292 862 3362 lcapiaqaam
881 3290 911 3343 L.
985 3296 1017 3344 13
1036 3292 1111 3345 aicit
1127 3308 1296 3363 causamque
1312 3292 1361 3345 LB

347 3364 372 3417 d.
398 3379 510 3417 cansam
532 3361 557 3415 r'
582 3363 707 3431 discitque
729 3380 750 3416 a.
776 3362 820 3417 ed.
844 3363 918 3416 dixit
939 3379 1051 3416 caucam
1075 3378 1180 3431 qaoque
1202 3382 1265 3420 nos.
1298 3367 1303 3434 Ι
1338 3369 1361 3417 rt

250 3421 258 3434 ²
345 3434 454 3489 LRed.
473 3440 505 3487 at
523 3450 582 3487 nos.
640 3439 672 3486 14
692 3440 774 3488 aratra
792 3433 846 3487 La
863 3434 951 3500 faisse
969 3432 1098 3487 additum
1116 3434 1178 3488 vult
1195 3439 1241 3505 a!
1265 3436 1361 3491 daea

345 3506 398 3559 LR
416 3506 490 3560 dicit
506 3522 521 3557 r
539 3506 634 3559 divisit
653 3505 696 3559 ed.
716 3504 841 3559 referserit
858 3521 918 3558 nos.
992 3506 1084 3572 partia
1101 3504 1155 3558 th
1174 3523 1230 3561 csse
1248 3508 1359 3563 cimam

347 3577 476 3631 additum
493 3576 554 3630 vult
573 3594 593 3629 r.
676 3582 708 3629 19
727 3579 792 3644 post
811 3578 878 3644 qaia
897 3576 1021 3645 spatium
1040 3577 1271 3643 quattuordecim
1287 3578 1359 3631 litte-

250 3706 255 3719 ,
345 3664 440 3703 rarum
462 3650 544 3700 vacat
568 3648 598 3700 in
617 3648 638 3699 L
663 3650 692 3700 et
715 3647 825 3716 aliquid
844 3648 981 3701 excidisse
999 3649 1093 3715 patet,
1116 3646 1240 3703 fortasse
1260 3652 1359 3704 mmai

346 3720 458 3774 Siciliae
476 3717 551 3775 cf.,v.
562 3724 614 3772 429
629 3720 722 3788 priam
739 3720 828 3773 malta
841 3718 938 3787 inepte
952 3717 1082 3787 interpol.
1093 3718 1138 3773 ed.
1195 3726 1231 3775 20
1249 3720 1359 3776 asina

343 3789 403 3846 Ml.
479 3794 512 3844 28
531 3791 585 3844 irco
604 3790 656 3843 LR
674 3796 755 3858 atque
773 3793 791 3845 i.
811 3790 855 3846 ed.
965 3791 967 3796 '
