3250 4350
698 417 881 480 mannos
899 425 939 479 111
1014 389 1023 412 ‘
1264 424 1329 489 327

313 594 432 651 nullum
453 594 513 653 nisi
535 595 723 652 muneratum
743 594 867 670 reliquit
885 593 959 653 dans
978 593 1058 670 quod
1076 593 1253 669 conpetebat
1270 594 1330 654 for·

313 681 396 740 tibus
416 684 497 741 viris.
543 684 653 741 interea
676 684 797 742 classem
818 682 890 743 velte
912 688 1016 756 aptore
1037 684 1154 743 iubebat
1175 681 1331 743 Anchises:

313 772 446 830 Helenus
468 773 501 830 in
524 771 630 831 officiis
653 772 802 850 religiosis
825 773 924 832 fuerat
947 774 1120 848 occupatus,
1139 789 1207 831 cum
1230 776 1330 831 autem

313 862 387 919 haec
411 863 520 938 ageret,
543 859 666 919 iubebat
689 879 757 920 suos
775 861 921 921 Anchises
943 880 1051 938 parare
1071 863 1158 921 navis
1177 863 1208 920 et
1226 863 1330 936 aptare

283 950 503 1027 enavigationi
525 952 691 1009 necessaria
713 949 770 1010 hoc
792 954 839 1009 est
861 954 931 1027 apte
954 969 1142 1029 congrueque
1165 950 1329 1026 disponere.

313 1042 395 1111 fieret
413 1044 495 1097 cento
513 1056 597 1097 mora
614 1057 711 1112 oepm
727 1041 847 1112 ferenti:
870 1058 923 1100 cur
944 1040 1061 1099 iuberet
1079 1039 1168 1099 dixit:
1191 1058 1228 1098 ne
1246 1038 1331 1097 fieret

313 1147 399 1188 mora
426 1126 660 1204 suffragantibus
688 1130 795 1188 ventis.
841 1148 925 1202 puero
946 1130 1054 1189 Phoebi
1075 1131 1218 1203 interpres
1239 1128 1330 1186 multe

313 1216 456 1290 conpellet
477 1218 598 1276 honore:
620 1216 699 1277 hunc
721 1217 853 1278 Helenus
875 1217 1045 1278 honorificis
1068 1217 1166 1278 verbis
1189 1216 1330 1293 adloque-

312 1306 415 1380 batnr,
447 1305 667 1365 continentibus
699 1307 813 1366 scilicet
843 1306 971 1369 laudem.
1017 1307 1129 1367 dicitur
1154 1307 1221 1366 laus
1248 1307 1328 1382 ipsa:

269 1419 297 1458 10
313 1398 446 1468 centuplo
469 1394 601 1454 Anchisa
630 1396 749 1455 Veneris
771 1398 889 1471 dipnote
912 1398 1051 1470 superbo:
1082 1416 1142 1456 non
1169 1415 1229 1471 quo
1256 1396 1383 1470 ipsetto

314 1486 402 1559 quasi
428 1485 529 1560 potior
551 1484 692 1562 dignatus
718 1487 758 1543 sit
784 1487 870 1563 iungi
896 1486 1088 1545 matrimonio
1111 1485 1251 1558 Veneris,
1278 1484 1330 1542 sed

312 1572 394 1648 quod
421 1572 529 1650 dignus
557 1576 635 1632 esset
660 1574 800 1634 inventus
829 1576 881 1650 qui
908 1575 936 1633 ei
957 1575 1131 1653 iungeretur
1154 1593 1230 1651 quae
1253 1575 1331 1633 esset

312 1662 375 1721 filia
398 1662 488 1722 Iovis.
527 1661 583 1723 hoc
605 1663 765 1723 locutionis
788 1682 882 1741 genus
904 1666 936 1723 et
956 1666 990 1722 in
1012 1663 1109 1739 primo
1131 1663 1208 1723 libro
1234 1652 1329 1743 (335)

312 1751 414 1827 posuit
450 1751 550 1811 dicens
583 1751 675 1828 „haut
711 1752 850 1829 equidem
885 1754 943 1813 tali
973 1773 1021 1811 me
1053 1753 1161 1831 dignor
1191 1750 1329 1811 honore“.

269 1862 297 1903 ιι
313 1858 386 1899 curo
404 1842 499 1909 deum,
518 1840 550 1898 id
572 1844 618 1900 est
640 1860 729 1916 quem
751 1840 794 1899 dii
818 1844 962 1916 amarent,
979 1842 1118 1918 probatio
1136 1841 1224 1900 huius
1243 1841 1329 1900 dicti:

313 1932 356 1988 bis
380 1930 548 2003 Perpomets
576 1934 668 2003 erepte
690 1933 796 1990 retnis.
842 1933 895 2005 qui
921 1949 990 1991 curn
1017 1934 1094 1991 esset
1122 1930 1241 2004 debilis,
1269 1949 1329 1988 non

312 2019 418 2092 semel,
445 2019 497 2078 sed
524 2018 652 2080 secundo
680 2021 772 2078 etiam
799 2019 943 2079 liberatus
971 2021 1012 2079 sit
1038 2019 1178 2096 perieulis
1202 2021 1328 2094 patriae,

311 2107 344 2165 in
373 2125 433 2184 qua
459 2108 629 2167 ceciderunt
656 2108 714 2167 viri
736 2110 838 2168 fortes.
885 2108 1008 2169 dicendo
1035 2108 1082 2169 bis
1109 2108 1241 2169 ostendit
1269 2128 1329 2167 non

312 2200 452 2256 eventum
475 2199 566 2256 fuisse
589 2200 637 2257 vel
660 2217 775 2272 casum,
802 2199 855 2258 sed
877 2201 979 2259 favore
1001 2201 1158 2258 numinum
1181 2217 1243 2258 esse
1269 2217 1330 2257 ser-

269 2308 298 2348 so
312 2290 425 2345 vatum,
471 2305 532 2347 ecee
558 2288 611 2346 titt
637 2286 789 2348 Ausoniae
816 2289 914 2348 tellus:
948 2290 1025 2348 bene
1052 2292 1152 2362 arripe
1178 2289 1257 2347 velis.
1305 2292 1330 2345 et

312 2381 410 2435 tameo
432 2377 508 2435 hooc
525 2376 631 2450 pelope
648 2378 871 2450 proetertotore
892 2395 1005 2436 neeesse
1028 2383 1082 2436 est:
1106 2377 1225 2436 Aeneae
1249 2377 1329 2435 dixe·

312 2468 361 2523 rat
379 2465 466 2543 longe
486 2483 549 2524 esse
567 2465 699 2540 Italiam,
722 2486 827 2525 verum
848 2487 885 2525 ne
908 2466 1042 2526 taedium
1064 2486 1151 2526 senex
1174 2469 1329 2542 pateretur

312 2555 434 2632 longam
452 2573 574 2629 sperans
593 2572 745 2629 superesse
765 2555 998 2634 navigationem,
1017 2554 1248 2614 sollicitudinem
1265 2555 1327 2614 eius

312 2644 426 2702 relevat
449 2642 622 2717 spondendo
644 2645 810 2718 proximam
834 2648 865 2704 et
886 2664 958 2704 usus
981 2649 1026 2704 est
1048 2644 1128 2704 dicto
1148 2662 1221 2714 ecce,
1243 2645 1329 2719 quasi

269 2753 297 2793 es
312 2732 373 2789 iem
396 2750 487 2790 manu
510 2732 606 2790 teneri
627 2733 776 2809 potuisset
798 2738 851 2793 aut
874 2735 967 2793 oculis
991 2734 1079 2793 cerni.
1118 2734 1189 2792 lieet
1212 2735 1259 2806 sit,
1282 2734 1327 2791 in·

313 2823 387 2896 quit,
406 2822 551 2896 proxima,
569 2839 662 2896 usque
686 2822 759 2881 adeo
783 2825 818 2881 ut
840 2822 1038 2884 demonstrari
1056 2826 1087 2883 et
1104 2822 1200 2881 videri
1223 2823 1327 2897 possit,

311 2912 412 2968 tamen
440 2910 639 2986 conprehendi
666 2930 725 2969 non
752 2915 867 2987 potest3
893 2913 952 2972 nisi
981 2912 1018 2971 ed
1041 2932 1107 2971 eam
1130 2913 1221 2970 fuerit
1244 2912 1327 2970 navi·

311 2995 424 3075 gatum.
470 3000 547 3058 hane
575 3002 673 3075 arripe
698 3001 786 3059 velis:
819 3002 997 3060 facilitatem
1020 3000 1136 3059 nitendi
1158 3001 1255 3060 voluit
1278 3001 1327 3058 de·

311 3091 486 3147 monstrare.
523 3088 676 3148 Aesoniae
693 3107 770 3163 pers
787 3091 843 3149 eu
855 3093 961 3163 procul
979 3109 1068 3165 quam
1080 3092 1190 3164 pandit
1206 3088 1328 3163 Apollo:

268 3198 297 3237 co
312 3177 393 3252 quod
420 3180 464 3235 ait
491 3196 556 3236 ecce
586 3178 816 3238 demonstrantis
844 3182 901 3253 est,
927 3180 983 3239 boc
1006 3183 1051 3238 est
1074 3178 1155 3255 quod
1178 3179 1327 3254 conplevit

311 3266 436 3325 dicendo
467 3269 585 3343 partem
617 3286 679 3327 esse
710 3267 819 3327 Italiae
852 3287 928 3343 quae
961 3268 1108 3344 templum
1140 3267 1328 3344 praeferebat

311 3354 470 3430 Apollinis.
517 3356 672 3415 constabat
710 3360 809 3416 autem
846 3358 934 3434 longe
971 3376 1031 3415 non
1068 3376 1130 3417 esse
1167 3357 1326 3415 discretum

383 3530 586 3596 teooproeqoe
605 3525 656 3578 LR
675 3533 700 3581 et
718 3544 835 3597 congrue
854 3527 896 3581 ed.
914 3531 918 3596 Ι
939 3528 1087 3596 disponens
1099 3526 1152 3579 LR
1166 3542 1235 3579 corr
1246 3525 1290 3579 ed

309 3597 450 3651 tioteret
468 3597 519 3650 LR
536 3599 611 3664 fieret
629 3597 672 3650 ed.
752 3603 785 3651 10
804 3615 857 3667 quo
875 3598 927 3651 th
945 3599 1017 3667 quod
1035 3598 1078 3652 ed
1158 3602 1261 3650 11-12
1281 3598 1327 3651 sed

309 3686 364 3736 quo
382 3667 434 3719 LR
452 3685 473 3721 s
438 3669 593 3792 [aqam.
582 3685 607 3723 se
625 3668 668 3723 ed.
687 3686 708 3723 s.
728 3671 800 3738 qood
818 3686 877 3723 nos.
950 3676 982 3723 12
1002 3672 1052 3738 qui
1069 3687 1094 3724 er
1089 3668 1164 3721 LR
1182 3669 1228 3722 eoi
1246 3667 1289 3722 ed.

312 3746 345 3791 15
365 3738 459 3793 dieiL
541 3739 564 3792 R
588 3739 699 3795 diotir'
719 3741 762 3794 ed
841 3747 874 3796 al
892 3741 1136 3811 &werletem
1203 3744 1338 3791 bercua-

308 3811 552 3880 tatRoorrnl
578 3758 945 3872 etesueLRetom.ed
