3250 4350
679 444 886 500 PRAEFATIO
1227 447 1292 501 XIX

269 614 347 671 illud
376 613 497 689 quidem
510 679 512 685 s
525 631 615 688 quam
642 632 696 689 pro
724 617 811 673 tanto
839 632 978 674 versuum
1001 633 1137 691 numero,
1165 616 1217 674 sed
1239 635 1291 674 va·

269 721 371 762 cuum.
418 704 511 762 sensit
539 721 608 780 ergo
636 702 787 778 lacunam,
817 703 869 762 sed
892 702 1121 778 amplitudinem
1143 706 1208 762 eius
1231 724 1291 764 non

268 795 351 850 recte
375 793 555 850 aestimavit.
601 810 672 849 nam
694 792 795 868 plures
818 792 937 851 chartas
959 810 1069 850 vacuas
1092 794 1205 853 excisas
1228 812 1290 853 esse

271 880 350 938 credi
370 898 431 939 non
448 882 556 955 potest,
575 882 655 956 quia,
673 883 699 940 si
716 882 774 940 hoc
792 881 945 954 admittas,
964 883 1194 955 quaternionum
1211 883 1289 942 ratio

271 969 421 1028 turbatur.
467 971 571 1045 quaeri
602 972 703 1046 potest
733 974 835 1028 utrum
862 968 1082 1028 Laurentianus
1115 971 1188 1029 olim
1217 971 1290 1031 duo·

271 1059 367 1117 decim
381 1059 665 1133 interpretationum
683 1059 775 1119 libros
794 1059 976 1118 continuerit
994 1078 1032 1118 an
1052 1060 1183 1135 quinque
1202 1061 1289 1119 solos.

270 1147 336 1206 linis
361 1147 434 1205 libri
456 1166 517 1206 non
539 1149 666 1224 impedit
689 1149 761 1223 quin
785 1167 901 1222 omnes3
924 1168 995 1207 nam
1016 1148 1141 1206 ultimae
1159 1149 1289 1226 paginae

270 1237 335 1297 folii
362 1237 427 1295 160
456 1237 588 1312 spatium
614 1237 680 1312 ipso
708 1238 817 1296 ultimo
845 1237 935 1296 verbo
964 1234 1121 1312 „explicit‘
1148 1237 1193 1297 ita
1221 1257 1289 1297 con-

270 1331 424 1402 sumptum
452 1329 510 1400 est,
537 1329 572 1384 ut
599 1327 724 1402 „incipit
751 1324 869 1386 sextus“
896 1329 929 1383 in
957 1328 1105 1401 principio
1135 1328 1289 1402 proximae

269 1415 400 1492 paginae
424 1417 509 1491 sequi
532 1414 673 1474 debuerit.
710 1418 875 1491 potuerunt
898 1434 978 1491 ergo,
996 1418 1031 1473 ut
1052 1417 1085 1472 in
1109 1415 1209 1474 codice
1232 1417 1289 1475 Re-

270 1505 388 1580 ginensi
410 1507 477 1562 veri
499 1503 687 1562 simillimum
711 1507 763 1578 est,
781 1504 893 1579 reliqui
915 1506 1029 1578 septem
1051 1503 1123 1562 libri
1146 1505 1218 1564 olim
1237 1505 1288 1563 ad·

269 1594 365 1651 iuncti
389 1610 462 1666 esse,
481 1593 532 1652 sed
555 1592 715 1667 periemnt.
752 1612 824 1651 nam
842 1613 879 1650 ne
897 1594 976 1651 forte
994 1610 1045 1651 eos
1062 1594 1095 1650 in
1109 1593 1289 1652 Vaticanum

269 1680 483 1741 bibliothecam
510 1683 654 1759 migrasse
675 1685 713 1748 et
740 1684 773 1740 in
796 1682 896 1740 codice
915 1682 1063 1740 Vaticano
1085 1699 1165 1740 nunc
1188 1686 1288 1741 extare

270 1764 439 1846 suspiceris,
463 1772 582 1830 etiamsi
605 1773 688 1830 aetas
710 1789 770 1830 non
786 1771 894 1831 ,obstat
917 1762 977 1850 (est
1000 1772 1079 1829 enim
1102 1771 1205 1830 eadem
1226 1772 1288 1831 fere

269 1859 427 1934 utriusque
450 1851 583 1940 codicis),
606 1860 703 1919 forma
726 1860 797 1918 libri
818 1860 960 1918 Vaticani
978 1859 1115 1934 prohibet
1133 1861 1166 1918 in
1185 1861 1288 1938 altitu-

267 1948 369 2008 dinem
393 1947 631 2007 Laurentianum
655 1949 809 2024 aliquanto
834 1967 978 2024 superans
1002 1951 1032 2006 et
1054 1948 1134 2023 quod
1157 1951 1189 2006 in
1202 1950 1287 2008 Vati·

267 2057 342 2097 cano
361 2039 543 2116 paginarum
561 2038 654 2113 capiti
668 2037 705 2096 ab
720 2041 785 2114 ipso
799 2037 924 2096 librario
937 2057 992 2112 pro
1006 2037 1097 2096 titulo
1110 2038 1288 2112 inscriptum

268 2145 333 2186 esse
361 2128 438 2188 solet
466 2129 633 2203 „expositio
661 2129 694 2185 in
716 2126 906 2205 Vergilium“
935 2129 1025 2202 atque
1058 2127 1286 2203 quaternionum

267 2235 410 2275 numerus
436 2218 469 2275 in
496 2216 554 2274 fine
582 2218 768 2295 singulorum
792 2218 929 2293 adpictus
953 2219 1007 2291 est,
1029 2218 1062 2273 in
1085 2216 1287 2275 Laurentiano

267 2309 409 2364 neumam
432 2306 568 2364 occurrit.
605 2308 779 2365 correctoris
802 2324 924 2363 manum
946 2304 1142 2363 Laurentiani
1164 2305 1234 2364 libri
1257 2309 1289 2365 et

267 2396 351 2470 prior
379 2397 411 2452 et
437 2396 584 2469 posterior
611 2413 680 2470 pars
709 2394 872 2454 subierunt.
924 2394 1019 2453 hocne
1051 2412 1089 2451 an
1122 2394 1181 2453 alio
1209 2394 1287 2453 libro

269 2482 424 2542 Landinus
447 2485 480 2541 in
502 2483 623 2543 edendis
646 2484 792 2561 excerptis
815 2502 886 2543 usus
910 2485 950 2542 sit
974 2502 1051 2541 anno
1077 2484 1161 2541 1487
1191 2484 1287 2543 exiis

269 2591 347 2648 quae
375 2571 412 2629 de
440 2590 476 2631 ea
502 2591 534 2630 re
562 2571 696 2650 Angelus
719 2572 887 2632 Politianus
914 2573 945 2629 in
973 2572 1171 2631 miscellaneis
1200 2590 1223 2629 c,
1245 2574 1284 2630 77
1361 2563 1366 2570 ’

268 2662 432 2719 memoriae
453 2660 600 2737 prodidit:
624 2663 889 2735 „commentarium
906 2660 1009 2718 'liberi
1026 2660 1140 2719 Donati
1157 2679 1237 2719 nunc
1255 2664 1287 2719 in

269 2749 411 2809 manibus
434 2748 525 2809 habet
545 2749 701 2809 Londinus
727 2783 765 2791 -
786 2782 831 2791 -
849 2782 893 2791 —
916 2749 1126 2827 grandioribus
1148 2752 1287 2809 notatum

269 2840 398 2899 ematis
421 2837 660 2900 characteribus“
684 2859 742 2899 non
767 2843 900 2916 apparet.
946 2843 979 2899 at
1001 2839 1092 2913 paulo
1114 2843 1183 2915 post
1208 2858 1286 2898 anno

270 2929 355 2986 1496
386 2927 494 2986 Petrus
523 2925 668 3003 Crinitus,
696 2948 785 3005 quem
813 2947 903 3003 supra
931 2930 1107 3002 memoravi,
1138 2947 1172 2987 eo
1199 2947 1286 2987 usum

268 3034 332 3075 esse
350 3019 468 3075 certum
486 3020 543 3091 est3
566 3019 664 3092 prima
683 3020 762 3075 enim
784 3036 860 3092 quae
885 3016 970 3076 affert
992 3016 1083 3075 verba
1107 3017 1210 3089 „illos
1234 3020 1286 3093 qui

267 3103 428 3165 Mantuani
450 3106 530 3165 vatis
552 3106 628 3163 milii
651 3108 784 3164 carmina
806 3106 995 3164 tradiderunt
1015 3109 1205 3180 postquam
1230 3099 1287 3186 (sic

267 3192 490 3269 Mommsenius
511 3195 637 3254 fortasse
661 3198 743 3270 post
767 3214 868 3270 quem
887 3221 921 3241 =
940 3187 1041 3274 Luur.)
1065 3194 1134 3253 illos
1158 3213 1286 3269 quorum

267 3282 351 3343 libris
380 3283 569 3342 voluminum
597 3286 658 3359 qui
685 3284 834 3342 Aeneidos
861 3282 1082 3342 inscribuntur“
1110 3283 1285 3341 Laurentia-

267 3392 339 3431 nnm
372 3372 465 3433 fuisse
498 3372 711 3432 demonstrant.
757 3373 950 3431 memorabile
980 3374 1011 3430 id
1042 3392 1172 3449 quoque,
1205 3371 1286 3448 quod

269 3460 402 3521 Crinitus
430 3462 562 3536 quinque
590 3460 682 3520 libros
705 3460 854 3520 Aeneidos
882 3463 914 3518 in
944 3461 997 3518 illo
1030 3462 1128 3520 codice
1159 3463 1285 3519 infuisse

267 3553 406 3626 testatur,
425 3552 460 3608 ut
482 3551 543 3608 iam
566 3553 632 3608 tum
650 3549 888 3608 laurentianum
906 3569 966 3609 non
984 3549 1084 3623 plures
1103 3550 1285 3609 continuisse

267 3642 422 3716 appareat.
469 3638 542 3697 haec
569 3637 675 3698 deinde
704 3638 801 3697 addit:
834 3658 887 3713 „ex
910 3639 1094 3714 supellectile
1117 3638 1204 3699 Petri
1223 3640 1289 3701 ble-

266 3728 343 3788 dicei
367 3730 422 3787 est.
468 3727 537 3785 hine
560 3727 756 3787 commodarit
776 3730 916 3793 Andreas
941 3731 1120 3815 Martellus,
1150 3734 1208 3812 qui
1234 3752 1311 3793 oum
1414 3809 1415 3814 ἵ

264 3816 319 3874 boo
335 3819 406 3887 ι’ρεο
422 3814 518 3869 multa
540 3818 573 3871 er
592 3816 846 3903 aliasublipult,
876 3830 917 3888 ut
942 3827 1025 3892 alias
1049 3830 1170 3891 testati
1197 3842 1327 3889 sumus.
1406 3831 1415 3918 l

1044 3934 1091 3992 bt
