3250 4350
351 415 419 481 242
632 414 773 471 DONA'l'I
788 414 959 471 mmm
977 413 1087 471 vdes.

425 585 662 659 Viaeasatree
693 586 1373 661 adsentor,subttoaaefraaoretntmtt

298 674 1237 749 seetaeoametdeoaetolapsapermtraestellasaeem
1265 675 1373 737 dam

350 763 1373 840 mattamtaoeeeaam't:tentnrn,inquitpstrismeiiuxtx

351 852 477 912 deornm
503 852 618 911 sultam
643 853 787 912 meritum
812 853 886 926 fuit,
911 855 949 911 ut
971 853 1127 928 cumipse
1150 852 1371 928 deprecationis

351 940 410 1000 fine
437 944 517 1002 esset
542 941 678 1017 auditns3
708 960 780 1001 nem
806 944 838 1000 et
864 941 997 1001 intonuit
1022 941 1401 1002 lnevnrnetstellndes

352 1031 429 1090 aeoli
454 1029 592 1107 pertibus
617 1030 706 1106 lapse
732 1029 865 1090 ostendit
887 1030 1022 1089 futurem
1043 1030 1195 1089 leetitienr
1216 1050 1323 1091 rernm
1344 1034 1373 1091 et

350 1119 488 1198 regentis
510 1137 611 1196 preees
634 1119 762 1179 audites.
807 1117 889 1195 quod
911 1122 1015 1179 eutem
1037 1118 1114 1179 dixit
1134 1119 1267 1196 leovum,
1287 1120 1372 1180 debet

351 1209 408 1269 hoo
429 1209 496 1268 loeo
517 1208 865 1286 prosperamintolleffl
886 1227 958 1267 nem
980 1206 1372 1270 eiusinheoesusehnse

352 1301 399 1357 est
423 1299 517 1356 retio:
552 1298 640 1357 leere
666 1299 700 1356 in
726 1297 797 1356 eliis
823 1297 975 1357 oontrerie
1001 1295 1225 1375 nignifioentur‚
1249 1300 1287 1357 ut
1309 1300 1371 1375 ipse

351 1386 504 1464 Vergilius
527 1386 589 1445 elio
610 1387 678 1446 loeo
700 1378 747 1467 (8,
756 1377 838 1467 302)
860 1387 975 1461 posuit:
997 1388 1047 1461 „et
1067 1383 1149 1461 nos¹‘‚
1173 1384 1226 1461 eit,
1251 1391 1303 1462 „et
1320 1391 1403 1447 tneo

352 1475 454 1535 dexter
476 1475 528 1534 edi
548 1475 624 1551 pede
642 1493 729 1535 seem
744 1473 902 1535 seeundo“.
938 1474 1064 1535 sienim
1081 1474 1185 1535 dexter
1201 1494 1258 1551 pes
1278 1476 1372 1537 δοιιιιι

352 1567 407 1639 est,
428 1564 533 1641 prooul
556 1562 647 1624 dubio
670 1565 792 1624 sinister
813 1564 912 1624 mxlus
930 1564 1120 1640 eseipiendus
1137 1566 1191 1624 est
1224 1565 1371 1627 inseetis

352 1655 455 1711 eutem
477 1655 571 1731 signis
591 1653 704 1713 ideireo
721 1671 866 1729 prospere
883 1652 1072 1730 eoeipiuntnr
1090 1672 1166 1730 quee
1185 1656 1258 1714 eunt
1277 1655 1371 1729 isere

352 1742 424 1817 quie
445 1741 641 1802 seorificentie
663 1743 712 1801 vel
734 1743 886 1818 presentis
907 1742 988 1803 letus
1010 1742 1131 1803 laevum
1150 1742 1311 1803 dexterum
1327 1746 1372 1805 est

351 1832 415 1890 eius
437 1832 491 1906 qui
512 1831 667 1907 postulate
687 1832 825 1909 largitur.
858 1832 906 1891 tte
921 1848 990 1891 vero
1007 1834 1101 1893 oietree
1115 1834 1230 1905 ,aem
1248 1850 1282 1893 se
1299 1834 1402 1893 totte'ta

299 1920 401 1979 tooad
423 1938 516 1980 aeras
538 1920 717 1994 adfaturque
739 1921 808 1980 deos
829 1924 856 1980 et
876 1925 1011 1980 sanetum
1031 1921 1116 1981 sidere
1139 1921 1264 1981 adorat:
1285 1925 1372 1998 peter

350 2027 443 2083 meus,
462 2010 515 2085 qni
532 2027 628 2084 neque
646 2009 766 2069 fletibus
784 2011 896 2068 nostris
914 2008 1028 2069 dudum
1045 2028 1099 2068 neo
1116 2009 1258 2086 preoibns
1277 2011 1371 2070 flexus

351 2100 405 2171 est,
428 2099 474 2157 his
497 2098 569 2157 visis
593 2099 735 2158 adsensus
757 2098 905 2158 strictus
923 2101 968 2158 est
986 2100 1150 2177 etgretn'es
1168 2098 1234 2177 egit
1253 2102 1370 2177 superis

351 2189 382 2246 et
403 2188 514 2247 reiecta
536 2188 636 2263 priore
659 2190 808 2248 sententie
832 2188 912 2264 quod
934 2188 1089 2247 nobiseum
1110 2190 1154 2247 ire
1177 2189 1273 2249 vellet
1290 2191 1370 2249 ultro

351 2280 477 2336 testatus
501 2280 547 2335 est
569 2276 670 2336 dicens
693 2280 755 2337 tam
776 2280 840 2337 iam
861 2278 947 2336 natta
968 2295 1052 2336 mora
1075 2281 1124 2346 est,
1140 2295 1249 2351 sequor
1267 2284 1296 2339 et
1311 2298 1401 2353 qaas

351 2366 456 2425 ducitis
480 2368 595 2435 adsum,
618 2368 662 2425 cte't
679 2369 789 2440 patrii·
811 2369 943 2442 primum
965 2366 1042 2424 dixit
1063 2385 1172 2442 sequor
1195 2370 1290 2428 etsie
1311 2388 1370 2444 que

351 2454 460 2514 ducitis
488 2455 609 2529 adsum,
637 2475 704 2513 cum
731 2458 862 2532 primum
884 2456 925 2514 sit
947 2455 1066 2530 dooere,
1089 2455 1253 2515 seeundum
1276 2459 1368 2534 sequi.

350 2544 402 2602 sed
429 2544 568 2602 ordinato
596 2563 684 2603 sensu
712 2545 886 2622 corrigitur,
912 2547 949 2602 ut
971 2546 1012 2603 sit
1034 2563 1095 2619 que
1117 2563 1165 2603 me
1188 2544 1302 2605 ducitis
1326 2565 1368 2605 se·

351 2652 436 2707 quor,
459 2632 502 2690 dii
524 2635 625 2708 patrii.
671 2637 783 2692 servate
805 2634 932 2702 domam,
949 2638 1061 2693 servate
1081 2638 1222 2706 nepotem,
1241 2641 1368 2695 vestmm

349 2723 401 2780 too
424 2724 584 2795 aayare'wm
606 2726 755 2795 oestroque
776 2725 810 2781 te
832 2725 953 2781 nomiae
977 2723 1068 2781 Troia
1089 2726 1147 2781 est:
1170 2742 1189 2781 e
1206 2724 1295 2783 vobis
1313 2724 1398 2783 hocs

351 2811 510 2886 augurium
542 2813 647 2869 netum
679 2813 737 2885 est,
769 2814 902 2869 vestrum
935 2812 980 2869 est
1011 2813 1091 2869 tueri
1122 2812 1205 2886 quod
1243 2816 1364 2891 egimus.

350 2900 417 2957 cedo
441 2900 572 2971 equidem
593 2918 655 2968 aee,
676 2904 754 2968 reate,
777 2902 830 2959 titt
851 2917 944 2959 eomes
965 2903 1010 2959 tre
1031 2916 1146 2959 recuso:
1167 2902 1306 2977 probavi,
1324 2904 1365 2961 in-

350 2988 425 3062 quit,
448 2987 552 3064 fugem
574 2992 668 3062 tuem,
691 2988 744 3061 fili,
767 2988 890 3047 deorum
913 2989 1068 3048 voluntate
1090 2988 1279 3066 descendere,
1298 2991 1364 3050 sedo

348 3076 516 3151 potioribus
539 3079 570 3135 et
591 3077 640 3135 ibo
665 3096 724 3152 quo
747 3078 878 3137 volueris
899 3097 1031 3155 pergere,
1048 3078 1248 3154 perseverabo
1272 3097 1363 3140 eomes

296 3169 348 3220 70⁶
358 3167 428 3223 tuus
451 3183 505 3223 nee
528 3184 656 3240 usquam
680 3185 698 3224 e
720 3168 774 3225 tue
798 3167 940 3225 societate
963 3167 1126 3245 disiungat.
1170 3169 1290 3229 dixerat
1310 3170 1392 3232 illese

420 3304 436 3351 3
454 3299 554 3365 fratris
572 3298 624 3351 LR
643 3315 711 3353 oorr.
731 3299 752 3352 L
771 3300 798 3353 11
815 3315 890 3353 men.
909 3318 930 3353 r.
1003 3300 1139 3370 dipsolr
1160 3302 1226 3370 ipsa
1244 3302 1270 3356 It
1288 3303 1329 3358 ed.

348 3375 418 3424 4-5
438 3371 657 3439 depraecatioaie
674 3372 772 3425 inesset
785 3371 838 3424 LR
856 3372 1042 3440 deprecatione
1055 3373 1075 3425 e'.
1090 3371 1148 3425 edF
1168 3373 1360 3442 deprecationes

348 3441 402 3508 stne
420 3447 486 3496 esset
503 3458 554 3495 nos
573 3440 608 3495 of.
628 3446 653 3506 3,
669 3445 710 3495 96.
739 3465 741 3470 ·
784 3439 807 3495 8’
820 3443 877 3496 toea
896 3458 948 3496 om.
964 3443 1007 3496 ed.
1085 3448 1101 3495 9
1120 3445 1300 3513 sianificatar
1315 3443 1359 3498 ΕΒ

349 3518 446 3567 -aatwr
468 3529 519 3566 nos
543 3512 589 3582 (of.
609 3512 786 3581 aeae'qawatar
808 3512 902 3582 infre).
937 3516 941 3581 Ι
974 3520 1006 3567 at
1023 3514 1124 3582 ipee—
1137 3519 1171 3568 12
1191 3518 1359 3586 aooipiertdes

348 3590 387 3638 eet
405 3599 458 3637 om.
473 3584 516 3637 ed.
581 3588 613 3636 13
631 3584 719 3654 sienis
737 3584 789 3637 LR
808 3584 852 3638 ed.
871 3592 896 3639 et
913 3586 1019 3655 sanis?
1037 3587 1165 3654 (propter
1182 3586 1358 3655 eaertfioaete's

347 3656 390 3709 oet
402 3655 562 3724 precantis).
623 3659 655 3707 16
675 3656 713 3709 ad
731 3672 797 3710 aras
816 3655 841 3708 R
860 3672 928 3710 corr.
947 3674 968 3708 r.
1028 3661 1061 3709 21
1081 3662 1107 3710 et
1124 3658 1150 3711 ei
1168 3656 1223 3711 LR
1240 3661 1268 3714 si
1285 3657 1358 3712 deir

347 3727 387 3779 sto
405 3727 449 3794 (=
459 3725 562 3779 deinde
576 3727 609 3778 ut
623 3728 718 3796 saepe)
736 3743 795 3782 nos.
851 3732 886 3780 23
900 3743 941 3780 me
954 3728 1056 3783 duritie
1069 3727 1091 3780 L
1105 3729 1327 3783 eaac.1er=n.

348 3801 383 3850 24
396 3802 500 3851 servate
512 3797 622 3851 domum
636 3798 739 3852 omed.
788 3802 823 3851 28
838 3797 979 3853 deorumn
993 3799 1027 3853 de
1039 3800 1203 3855 demeumlt
1215 3801 1250 3857 de
1264 3802 1357 3857 aeaer-
