3250 4350
657 449 840 505 AENEIDOS
857 449 883 502 Il
1213 449 1278 515 ‘257

260 637 317 676 nec
346 617 421 676 dixit
449 621 551 694 aperte
579 620 608 677 ei
635 619 834 695 suspicionem
861 637 959 692 suem,
986 638 1023 678 ne
1046 636 1130 678 secus
1154 620 1279 678 sensisse

260 708 416 767 videretur
443 710 473 766 et
499 709 644 768 recessuri
672 710 805 767 animum
832 708 971 766 laederet.
1016 709 1087 766 baec
1113 708 1164 766 irbi
1194 709 1335 767 dictasti)

261 798 350 865 dedit,
373 797 575 856 lacrimantem
597 801 624 856 et
645 797 737 856 multu
760 798 900 856 colentem
916 797 1011 855 dicere
1028 797 1155 855 deseruit
1173 799 1280 856 rencs-

262 905 318 959 quc
336 887 453 945 recessit
468 888 501 945 in
520 903 627 945 omres:
644 887 807 962 ingratum,
825 885 952 961 inpium,
970 886 1148 945 sceleratum
1165 886 1280 961 fuisset,

233 977 291 1040 psi
318 974 435 1035 Aeneas
468 975 505 1034 ab
537 974 643 1034 umbra
674 977 774 1034 uxoris
807 975 928 1034 silentio
959 976 1141 1050 recessisset3
1179 975 1281 1033 debuit

263 1066 345 1122 enim
368 1063 416 1123 vel
439 1082 493 1123 sua
516 1063 613 1123 dicere
636 1064 685 1122 vel
708 1064 747 1122 ad
770 1083 806 1123 ea
828 1063 1005 1139 respondere
1029 1083 1107 1140 quae
1134 1064 1280 1123 audierat.

263 1153 375 1212 idcireo
400 1152 476 1211 dixit
499 1153 570 1211 dum
589 1154 729 1212 lacrimas
747 1153 849 1227 fundo,
868 1152 940 1211 dum
957 1153 1026 1212 volo
1045 1156 1136 1228 atque
1155 1153 1280 1228 dispono

262 1242 398 1317 proferre
422 1261 497 1317 quae
520 1243 687 1301 necessario
710 1243 831 1301 fuerant
854 1241 987 1316 dicenda,
1004 1246 1127 1318 repente
1147 1242 1281 1300 discessit

264 1349 299 1389 ao
319 1331 478 1389 'volentem
504 1330 602 1389 multa
629 1330 726 1390 dicere
756 1330 895 1391 deseruit.
941 1333 1041 1406 posset
1063 1333 1143 1390 enim
1165 1349 1281 1389 mecum

222 1443 250 1483 10
266 1438 328 1479 esse
357 1418 482 1497 diutius,
510 1421 538 1478 si
565 1421 734 1495 expectaret
760 1439 860 1478 meum
888 1421 980 1479 etiam
1006 1422 1073 1495 ipsa
1097 1438 1280 1496 responsum.

263 1508 339 1567 bene
367 1507 444 1566 dixit
470 1509 600 1567 deseruit
627 1509 778 1569 volentem
804 1509 901 1585 loqui,
929 1527 989 1567 non
1016 1508 1092 1567 dixit
1118 1527 1173 1586 ego
1196 1508 1280 1568 illam

264 1598 374 1656 dimisi.
420 1601 463 1656 ter
489 1602 610 1657 conam
637 1599 680 1657 ibi
711 1599 782 1658 colio
814 1598 887 1656 dare
918 1599 1054 1657 macchia
1085 1600 1206 1666 circum,
1239 1603 1282 1656 ter

263 1689 380 1759 frustra
403 1703 559 1760 compressa
580 1704 702 1746 mamus:
724 1687 845 1763 proprie
868 1687 1025 1762 descripsit
1046 1686 1196 1746 volentem
1219 1705 1281 1745 am-

263 1776 356 1851 plecti
385 1775 464 1850 quod
492 1776 645 1852 corporale
672 1794 733 1834 non
759 1777 860 1834 fuerat
887 1794 975 1851 saepe
1002 1794 1065 1835 esse
1095 1777 1282 1850 frustatum,

224 1887 249 1928 rs
263 1883 430 1939 manusque
458 1864 517 1923 sibi
546 1863 707 1924 occurrisse
730 1865 924 1940 frequentius,
947 1884 1016 1923 oum
1038 1884 1098 1924 non
1122 1867 1199 1924 esset
1221 1883 1294 1923 me·¹

264 1953 349 2011 dium
378 1952 457 2028 quod
483 1957 584 2012 tenere
611 1953 765 2030 potuisset.
813 1956 913 2028 effecit
941 1957 1051 2028 imupo,
1078 1972 1141 2027 par
1173 1955 1282 2014 levibus

263 2045 358 2102 ceretis
376 2040 559 2116 [carcerque
576 2043 727 2102 simillimo
744 2040 877 2117 sommoJ:
894 2044 982 2120 fugit,
996 2043 1105 2118 inquit,
1118 2046 1152 2100 ut
1165 2047 1282 2117 ventus,

264 2131 389 2192 recessit
411 2133 446 2190 ut
468 2148 597 2192 somnus.
633 2150 715 2191 more
740 2131 866 2193 Sallusti
889 2131 966 2190 dixit
988 2135 1113 2191 conatus
1136 2151 1215 2206 sum;
1238 2131 1282 2191 ibi

266 2223 346 2280 enim
369 2222 494 2296 ponitur
517 2225 640 2281 conatus
663 2221 718 2280 ubi
741 2222 862 2281 effectus
886 2221 971 2297 sequi
992 2240 1053 2279 non
1077 2223 1186 2297 potuit
1232 2223 1335 2281 stesso

226 2332 253 2373 ro
266 2311 383 2369 dernwm
408 2312 500 2369 socios
527 2315 697 2384 conswmpte
723 2313 803 2369 mocte
830 2313 938 2369 reciso:
970 2313 1116 2386 quantum
1146 2330 1177 2370 se
1207 2310 1283 2369 dixit

265 2399 418 2459 laborasse
440 2418 494 2474 pro
518 2399 643 2477 coniuge
665 2400 698 2457 in
719 2399 813 2458 tantis
839 2400 1018 2459 discursibus
1042 2402 1072 2458 et
1094 2400 1209 2477 vigiliis
1229 2419 1283 2475 per

264 2492 362 2547 totam
384 2491 503 2547 noctem
525 2488 675 2547 toleratisl

332 2575 430 2650 Atque
447 2577 493 2635 bic
509 2579 653 2651 inperitam
671 2579 806 2636 comitem
824 2578 985 2649 adiecisse
1001 2594 1143 2636 mororum
1165 2578 1282 2637 invenio

265 2666 423 2725 admireris
439 2683 602 2734 numerem,
620 2670 784 2740 matresque
801 2669 943 2740 virosque,
962 2668 1108 2726 collectam
1126 2666 1211 2725 acilio
1225 2684 1283 2739 pa-

227 2776 252 2817 rs
265 2757 338 2823 bem,
363 2755 528 2814 miserabile
549 2756 663 2829 culpes.
708 2754 838 2829 medique
860 2772 1015 2816 merescere
1038 2756 1146 2814 animis
1168 2756 1283 2829 opibus·

340 2982 355 3030 1
376 2977 436 3031 eius
453 2977 519 3032 Lei
536 2977 569 3032 R.
591 2978 595 3050 Ι
619 2979 813 3047 suspectionem
833 2978 885 3031 LPc
904 2995 972 3032 corr.
992 2978 1067 3032 red.
1140 2979 1283 3045 eiopimn

265 3047 319 3101 th
341 3048 361 3101 i.
382 3064 416 3101 ac
438 3047 481 3102 ed.
581 3050 737 3105 8dicmtio
754 3049 806 3102 LR
825 3051 896 3103 -mla
913 3068 928 3102 r
945 3049 1011 3119 ed..
1088 3054 1284 3118 mammisea

265 3136 381 3173 oremus:
400 3118 444 3171 his
463 3119 555 3174 verbis
574 3121 642 3189 quia
660 3120 838 3189 abrumpitur
855 3120 968 3188 lemma,
983 3120 1053 3174 Don.
1067 3138 1167 3175 mamus
1186 3124 1285 3174 contra

266 3194 390 3244 metrum
410 3206 473 3243 cum
490 3207 634 3261 conpressa
653 3191 830 3245 coniunxisse
848 3192 960 3247 videtur
978 3195 1014 3261 (6,
1029 3196 1081 3244 700
1100 3209 1157 3245 non
1174 3190 1283 3260 liquet).

323 3267 356 3316 1o
377 3263 544 3317 concurrisse
563 3262 629 3317 edF.
704 3268 735 3315 17
755 3264 953 3331 colemriqme-
964 3279 1056 3317 serino
1076 3262 1156 3318 deest
1174 3261 1205 3315 in
1222 3263 1284 3330 ΕΒ,

266 3334 317 3387 sed
332 3332 499 3401 explicetur.
559 3339 592 3386 18
611 3334 717 3389 Salusti
730 3334 782 3387 LR
801 3333 882 3400 (alibi
895 3334 974 3403 Seii.)
992 3340 1095 3388 vetusto
1114 3333 1284 3388 substituere

267 3404 329 3458 vult
347 3403 369 3457 r'
390 3404 419 3457 in
438 3420 525 3473 marg.
546 3404 682 3459 adnotato
701 3421 818 3474 quaere,
840 3405 889 3459 sed
908 3404 943 3458 cf.
963 3406 998 3459 de
1021 3405 1076 3458 hac
1098 3421 1128 3458 re
1147 3410 1172 3469 9,
1188 3410 1247 3459 398.

269 3481 300 3529 19
320 3475 402 3530 ibiR
421 3477 469 3530 cti
485 3476 583 3529 r=L.
640 3481 674 3529 20
688 3476 865 3544 peroisoLR
882 3478 968 3531 reciso
987 3494 1008 3528 r.
1065 3476 1283 3531 masmelli:

267 3546 346 3601 nullo
372 3546 479 3601 indicio
501 3546 639 3615 probatur
660 3550 788 3601 nostrum
810 3546 885 3601 Aelii
908 3547 1013 3601 Donati
1037 3563 1172 3613 errorem,
1201 3564 1285 3613 quem

266 3619 382 3673 Servius
400 3618 490 3672 tradit
508 3619 537 3672 et
555 3618 675 3685 refutat,
695 3620 823 3673 secutum
841 3634 914 3685 esse,
934 3619 1089 3672 sedunum
1109 3618 1284 3685 eundemque

265 3690 413 3745 Donatum
431 3704 501 3743 esse
527 3688 600 3744 lclso
628 3688 760 3758 opinatus
788 3707 822 3744 ex
846 3691 906 3744 llio
935 3690 1047 3758 scripsit
1074 3689 1220 3743 Fabricius
1249 3689 1283 3742 cl.

265 3781 290 3816 v.
307 3761 334 3815 d
350 3759 466 3814 Hoeven
484 3778 512 3829 p.
528 3764 552 3814 ὅ.
626 3766 659 3814 26
678 3760 859 3815 miserabilem
877 3760 907 3814 L.
929 3763 932 3831 Ι
953 3762 1094 3815 convenire
1112 3760 1138 3813 R
1156 3777 1217 3815 corr
1235 3778 1256 3815 r.
1279 3761 1283 3833 i

263 3834 368 3903 opibus
384 3831 411 3884 a
428 3848 479 3901 que
498 3830 562 3885 cdd.
580 3850 602 3885 r.

319 3932 381 3974 Iton.
395 3930 492 3980 interpr.
506 3930 575 3981 Vera.
596 3930 670 3972 v01r1.
1042 3926 1076 3977 Π
