3250 4350
707 449 896 549 ‘spasmos
914 451 927 504 I
1308 452 1326 516 7
1422 537 1424 542 ,

306 620 409 693 prima
436 620 467 676 et
493 618 526 676 in
554 618 637 677 aliud
663 621 781 695 tempus
810 621 964 697 superiora
992 620 1124 695 distulit,
1146 621 1236 679 utin
1259 640 1327 681 con·

308 707 392 767 virio
414 706 542 767 Didonis
564 710 766 779 narrarentur,
789 728 836 782 ne,
859 711 886 768 si
908 710 1006 785 prima
1028 712 1222 785 ponerentur,
1246 710 1326 770 odio·

308 814 378 854 sum
404 797 483 855 foret
510 797 583 855 haec
612 796 715 856 eadem
742 798 913 873 inquirente
935 798 1053 858 Didone
1075 802 1222 876 repetere,
1251 818 1327 875 quae

309 885 452 944 vitandae
474 886 657 961 prolixitatis
681 904 771 946 cause
794 887 886 946 semel
909 886 967 946 dici
990 891 1177 947 convenerat.

277 1066 291 1106 a
375 1044 645 1121 Interpretabimur
680 1048 775 1125 igitm
810 1046 890 1123 quod
927 1048 1055 1107 diximus
1091 1049 1206 1123 thema,
1243 1051 1327 1108 cuius

307 1135 407 1209 prima
433 1152 504 1211 pars
528 1140 573 1193 est
591 1153 678 1194 orara
700 1138 853 1210 virumque
875 1154 962 1195 cono:
993 1138 1026 1196 in
1047 1138 1105 1197 hac
1126 1138 1273 1197 brevitate
1297 1142 1327 1197 et

307 1226 438 1302 angrista
466 1225 672 1300 propositione
699 1225 797 1284 multa
825 1226 985 1302 conplexus
1013 1230 1070 1298 est3
1108 1245 1179 1285 nam
1206 1229 1237 1285 et
1259 1246 1327 1303 pro·

306 1313 411 1388 posuit
433 1315 465 1371 et
487 1312 591 1372 divisit
614 1316 644 1373 et
666 1313 698 1372 in
721 1332 755 1373 eo
778 1316 844 1390 ipso
867 1333 930 1374 sese
954 1316 1150 1389 sommendat,
1169 1315 1250 1392 qnod
1267 1326 1328 1374 non

306 1402 425 1461 ludicra
448 1404 496 1460 vel
518 1404 623 1478 turpia
649 1406 684 1461 ut
712 1404 774 1477 alii,
802 1404 853 1463 sed
881 1407 1016 1480 spectata
1044 1405 1167 1482 elegerit
1194 1405 1233 1463 ad
1256 1406 1327 1464 scri·

263 1514 290 1552 ro
306 1491 447 1564 bendum,
466 1510 550 1549 arma
568 1492 692 1566 scilicet,
710 1494 767 1551 hoc
785 1495 831 1553 est
849 1497 966 1553 scutum
984 1497 1015 1553 et
1033 1494 1094 1553 alia
1113 1512 1189 1569 quae
1208 1495 1327 1553 Aeneae

306 1579 480 1639 Vulcanum
502 1581 664 1640 fabricasse
687 1583 870 1659 perscripsit,
894 1585 924 1641 et
946 1583 1057 1657 vimm,
1082 1573 1146 1642 non¹
1166 1585 1201 1641 ut
1223 1601 1328 1643 sexum

306 1669 506 1746 significaret,
535 1670 587 1729 sed
609 1671 708 1729 virum
732 1672 784 1746 qui
806 1672 882 1730 talia
905 1690 1002 1747 arma,
1030 1674 1094 1730 tam
1116 1689 1240 1750 magna,
1263 1676 1327 1731 tam

304 1758 434 1860 pulchra
461 1759 570 1818 habere
598 1760 647 1818 vel
674 1763 791 1837 gestare
819 1762 965 1836 potuerit,
992 1762 1091 1819 virum
1119 1762 1171 1837 qni
1198 1761 1328 1821 Romani

305 1849 428 1923 imperii
456 1850 560 1907 auctor
587 1851 618 1907 et
645 1849 747 1908 condit
734 1852 782 1908 tor
809 1867 872 1908 esse
900 1850 1054 1923 meruerit,
1082 1850 1180 1909 virum
1203 1852 1257 1926 qui
1278 1850 1326 1909 lu·

262 1958 290 1998 ιι
305 1939 395 1996 nonis
414 1936 588 1997 inimicitias
609 1940 639 1995 et
657 1939 819 1998 factionem
837 1938 961 1997 deorum
979 1941 1112 1998 omnium
1131 1941 1326 2015 superaverit,

305 2026 407 2084 virum
431 2028 483 2101 qui
505 2029 586 2085 terra
608 2030 743 2103 marique
762 2027 893 2087 iactatus
911 2028 1008 2087 multa
1027 2027 1151 2087 adversa
1169 2027 1326 2087 tolerando

305 2133 342 2174 ac
374 2114 496 2175 ferendo
528 2118 736 2176 transmiserit.
791 2116 847 2177 hoc
879 2117 945 2177 loco
978 2117 1113 2194 plerique
1142 2116 1327 2177 arbitrantur

304 2222 422 2264 errasse
434 2204 611 2283 Vergilium,
630 2208 665 2263 ut
682 2208 779 2282 primo
798 2226 871 2280 rem,
890 2206 996 2266 deinde
1015 2224 1173 2284 personam
1186 2210 1326 2282 poneret3
1415 2266 1418 2270 .

306 2295 363 2369 qui
390 2295 417 2352 si
444 2293 622 2354 Sallustium
650 2287 734 2375 (hist.
753 2295 769 2352 Ι
790 2288 873 2375 1Μ.)
901 2295 1123 2355 considerarent
1153 2296 1280 2354 liberum
1308 2316 1326 2356 a

260 2385 424 2444 roratione
452 2386 614 2443 metrorum
642 2385 685 2442 sic
712 2385 869 2444 historiam
897 2387 1040 2460 coepisse,
1068 2389 1103 2444 ut
1129 2387 1226 2460 primo
1253 2405 1326 2460 rem,

304 2471 414 2530 dehinc
441 2472 546 2549 populi
569 2472 697 2531 Romani
724 2492 882 2550 personam
905 2477 1041 2549 poneret,
1066 2494 1228 2549 numquam
1252 2474 1325 2533 Ver-

307 2562 415 2638 gilium
429 2561 668 2635 criminarentur,
683 2581 772 2637 qnem
791 2566 909 2622 constat
927 2565 960 2620 in
978 2564 1181 2639 propositione
1200 2563 1326 2621 liberam

305 2650 466 2709 ordinandi
480 2650 620 2709 habuisse
634 2650 796 2724 licentiam,
812 2651 976 2727 exequendi
989 2671 1059 2710 vero
1079 2652 1172 2710 alium
1191 2651 1325 2710 ordinem

306 2738 484 2799 adhibuisse.
531 2758 602 2798 nam
621 2739 701 2815 quod
724 2743 768 2798 ait
791 2758 880 2814 cano,
909 2742 995 2815 quasi
1017 2743 1079 2799 iam
1103 2743 1233 2799 carmine
1257 2760 1325 2801 con-

260 2829 388 2904 repleto
420 2829 607 2904 loqueretur,
639 2829 770 2888 ostendit
802 2849 837 2888 ex
871 2833 974 2905 aperto
1006 2831 1108 2888 thema
1136 2848 1212 2903 esse,
1246 2830 1326 2905 quod

305 2919 429 2994 plenum
462 2920 553 2993 atque
585 2919 751 2994 perfectum
783 2919 903 2977 futurae
935 2919 1148 2994 conscriptioni
1185 2919 1325 2978 carminis

304 3010 547 3108 praeparaverat
603 3025 677 3066 cano
716 3007 761 3066 bis
799 3010 959 3083 accipitur,
1005 3026 1079 3067 cano
1117 3027 1213 3081 arma,
1250 3026 1325 3067 cano

304 3095 498 3169 murmsed
526 3114 676 3154 armorum
700 3097 929 3172 descriptionem
951 3099 1049 3172 primo
1072 3098 1258 3173 propositam
1281 3115 1326 3155 se·

304 3186 413 3260 quenti
435 3185 632 3261 disputationi
655 3188 788 3245 servavit
811 3190 842 3244 et
864 3188 964 3262 coepit
987 3205 1005 3245 a
1028 3186 1119 3264 gestis
1143 3187 1202 3245 riri
1221 3186 1325 3244 adinn-

378 3341 458 3388 3-4
472 3354 542 3404 quae
556 3338 687 3391 vitandae
702 3337 724 3390 L
739 3355 808 3406 quae
822 3339 887 3391 cait-
902 3338 934 3390 R.
986 3344 1003 3391 t
1022 3338 1231 3405 interpretemur
1245 3338 1288 3391 ed.

304 3407 444 3461 8dc’cidc't
462 3408 505 3460 ed.
581 3413 612 3460 11
632 3415 658 3463 et
675 3411 765 3463 cirum
784 3409 837 3462 LR
855 3416 880 3462 et
899 3427 951 3463 om.
972 3408 1015 3461 ed.
1083 3414 1116 3460 13
1134 3411 1226 3477 potuit
1244 3411 1287 3463 ed.

305 3484 341 3532 14
360 3495 414 3532 esse
432 3480 561 3533 creauit
578 3478 630 3532 th
648 3497 669 3533 c.
690 3480 812 3534 debuerit
829 3483 871 3534 cel
888 3499 923 3533 m.
944 3480 987 3534 ed.
1080 3484 1113 3532 15
1131 3480 1280 3546 factionem
1291 3514 1324 3520 -

302 3551 477 3618 separaverit
511 3553 617 3604 temere
648 3555 717 3604 mut.
752 3550 809 3605 ear
837 3551 1155 3618 ciram-superaverit
1187 3569 1239 3606 om.
1267 3552 1323 3605 edI.

360 3626 394 3674 16
421 3621 591 3676 cirum—17
616 3625 799 3677 transmiserit
821 3626 886 3692 post
908 3623 1037 3677 ιιιινιιιιιί
1061 3625 1200 3691 transpos.
1221 3623 1286 3677 edF.

304 3695 413 3746 19-20
437 3711 455 3746 a
476 3695 584 3748 ceticae
602 3693 628 3746 R
650 3695 773 3748 oratioue
791 3693 821 3746 L.
913 3700 948 3748 21
969 3693 1070 3753 ,aestuo
1086 3693 1143 3747 lrlt
1166 3694 1268 3751 ιιιιιιι
1285 3695 1336 3747 ed.

360 3767 395 3815 24
412 3764 538 3818 tabuere
553 3764 607 3816 LR
626 3764 678 3819 cdl
693 3767 815 3825 tenuisse
835 3768 894 3824 edil
920 3768 1086 3827 adhibuisse
1102 3784 1170 3822 nos.
1233 3771 1273 3819 ‘ab
1294 3779 1352 3818 scr-

295 3832 374 3883 eabat
385 3831 440 3882 LE
457 3850 524 3886 corr.
544 3853 562 3888 r
580 3836 622 3890 ecl.
