3250 4350
654 444 837 500 AENEIDOS
855 445 880 498 II
1213 445 1276 509 173

259 632 374 690 parere.
420 614 471 671 rix
497 615 629 689 positum
657 616 761 673 castris
785 614 989 690 simulacrum,
1017 634 1116 675 arsere
1138 633 1276 674 coruscae

259 701 423 762 luminibus
447 702 584 761 flammae
607 705 738 763 arrectis.
774 702 988 779 hoo-primum,
1006 704 1115 779 inquit,
1133 704 1277 762 indicium

259 791 433 851 iracundiae
467 810 538 850 suae
570 792 653 850 dedit
684 796 867 851 commotum
893 795 941 851 tot
967 794 1127 851 sceleribus
1154 812 1276 865 numen3

260 902 330 940 mox
358 882 439 939 enim
464 883 498 939 ut
520 883 585 940 eius
608 881 802 940 simulacrum
823 880 856 938 in
879 884 985 940 eastris
1008 884 1055 940 est
1076 884 1219 957 positum,
1241 902 1276 940 ex

233 993 245 1031 e
260 972 357 1030 oculis
371 970 543 1028 inanimalis
558 972 701 1029 materiae
715 969 854 1028 flammae
867 989 927 1028 non
941 971 1031 1044 leves,
1045 972 1097 1030 sed
1110 973 1143 1027 in
1156 970 1277 1029 modum

260 1059 398 1118 fulminis
417 1054 621 1117 mittebantur.
655 1059 729 1117 dicit
748 1058 840 1117 etiam
857 1059 1018 1117 secundum
1035 1059 1154 1136 signum
1168 1060 1277 1118 salsus-

261 1168 319 1225 que
347 1167 401 1223 per
428 1151 510 1206 artus
538 1148 629 1206 sudor
650 1150 695 1206 iit.
742 1148 833 1207 sudor
856 1166 891 1205 ex
914 1149 1073 1207 simulacro
1096 1168 1156 1207 non
1178 1151 1277 1222 potest

261 1238 417 1313 profluere,
440 1236 498 1295 nisi
522 1255 588 1295 cum
612 1236 727 1310 aliquid
749 1237 823 1295 mali
846 1237 1043 1311 portenditur.
1089 1240 1214 1295 tertium
1238 1239 1276 1295 si·

261 1346 355 1403 gnum
373 1330 478 1400 terque
496 1327 563 1401 ipse
582 1326 645 1397 solo
664 1317 817 1405 (mirabile
838 1318 935 1405 dictu)
959 1329 1089 1387 emicuit.
1126 1327 1183 1385 hoc
1205 1346 1277 1401 quo-

221 1438 246 1476 ro
261 1435 321 1490 que
343 1414 409 1473 fieri
430 1434 491 1473 non
513 1415 623 1490 potuit,
646 1418 681 1472 ut
699 1433 730 1472 se
748 1418 881 1474 moveret
899 1415 1091 1474 simulacrum
1109 1415 1159 1475 cui
1176 1415 1278 1473 deerat

261 1503 431 1563 substantia
454 1522 514 1579 qua
536 1503 568 1561 id
585 1506 688 1578 posset
706 1503 828 1579 inplere,
846 1504 907 1562 nisi
925 1523 993 1562 cum
1010 1504 1157 1579 pernicies
1176 1504 1278 1579 aliqua

261 1592 540 1668 praenuntiabatur.
574 1610 768 1667 parmamque
787 1593 884 1651 ferens
903 1593 1079 1668 hastamque
1102 1596 1278 1651 trementem

262 1685 405 1756 quartum
427 1683 545 1757 signum
570 1683 794 1757 gravissimum,
822 1683 983 1756 perniciem
1006 1682 1159 1741 evidenter
1181 1685 1278 1740 osten·

262 1771 349 1844 dens3
385 1789 457 1828 nam
484 1787 514 1827 se
541 1770 658 1829 hostem
686 1771 728 1828 sic
756 1771 891 1845 professa
918 1773 972 1832 est.
991 1770 1131 1847 erigendo
1161 1774 1279 1829 scutum

221 1881 247 1920 15
262 1861 441 1933 hastamque
468 1858 650 1933 quassando,
679 1859 758 1934 quod
785 1877 846 1916 non
874 1859 946 1917 facit
973 1859 1095 1934 aliquod
1128 1858 1280 1917 simulacri

262 1967 387 2021 numen,
414 1949 474 2007 nisi
501 1967 567 2006 cum
597 1949 689 2006 alicui
712 1948 910 2006 comminatur
932 1949 1095 2007 interitum.
1142 1948 1279 2022 conplete

263 2057 298 2096 eo
322 2036 403 2112 quod
425 2038 522 2095 iussus
546 2040 592 2095 est
610 2037 717 2110 dicere,
736 2056 812 2112 quae
830 2037 946 2114 religio,
964 2038 1072 2111 incipit
1090 2039 1157 2112 quis
1176 2041 1279 2095 auctor

263 2145 410 2202 exponere
442 2130 472 2185 et
505 2145 563 2201 quo
596 2127 705 2185 molem
741 2126 819 2185 hanc
856 2126 984 2186 inmanis
1021 2128 1092 2201 equi
1127 2124 1278 2186 statuere?

263 2216 373 2291 quidve
405 2214 533 2290 petunt?
579 2217 729 2289 extemplo,
762 2218 875 2291 inquit,
906 2217 1075 2289 temptanda
1101 2216 1175 2289 supa
1201 2217 1281 2274 currit

221 2329 248 2365 ro
264 2322 393 2377 ueqrmu
417 2303 540 2363 Colchus
561 2322 615 2363 uec
632 2322 720 2378 posse
738 2303 885 2379 Arpoiicis
908 2306 1022 2379 eraudi
1038 2286 1184 2377 ’Pcrqamo
1206 2305 1279 2366 telis.

263 2395 364 2451 curua
390 2397 423 2452 ui
449 2398 580 2466 repeteret
602 2392 694 2467 Arpis
720 2412 884 2467 carmenque
910 2395 1051 2453 reducaut
1079 2395 1156 2466 quod
1173 2395 1280 2467 pelope

265 2487 292 2540 et
310 2484 406 2541 curris
423 2500 519 2541 secura
537 2501 657 2541 arcuere
674 2486 793 2542 carinis.
823 2488 849 2541 et
866 2501 945 2540 nuru
963 2483 1039 2555 quod
1052 2486 1171 2555 patrias
1189 2487 1270 2540 cauto
1283 2486 1333 2532 180

258 2573 370 2644 petiere
396 2572 552 2645 Mycenas,
585 2590 671 2630 urruu
698 2574 820 2644 deosque
842 2576 957 2644 parunt
983 2575 1097 2630 comitas
1120 2572 1280 2644 pelupoque

263 2676 395 2719 reuerso
417 2661 560 2732 inprovisi
583 2662 716 2728 aduret,
734 2664 778 2719 ita
796 2655 902 2733 duur
918 2663 1018 2719 orrico
1038 2659 1170 2719 Cuicieos.
1205 2661 1281 2717 icario

223 2771 250 2809 aa
260 2766 319 2822 pro
346 2748 484 2807 Palladio
511 2752 628 2817 moniti,
651 2766 707 2821 pro
734 2752 854 2808 uumiue
884 2751 962 2808 tocco
990 2749 1116 2822 efficium
1144 2753 1279 2814 statuere,

264 2839 351 2910 ursos
378 2855 453 2910 quac
480 2839 560 2894 triste
581 2840 687 2910 piarat.
732 2840 807 2897 ituree
835 2842 931 2897 tumere
958 2841 1122 2896 inmersum
1146 2838 1270 2896 Colchus
1283 2842 1333 2889 185

265 2927 394 2984 attollere
416 2927 519 2983 ⁴ruoieru
541 2928 693 2985 roboribus
715 2930 797 2986 tertis
821 2926 954 2999 caraque
977 2928 1095 2986 cdueue
1117 2926 1215 2995 siuet,
1242 2945 1280 2985 uc

265 3016 357 3088 recipi
375 3017 470 3087 portis
494 3021 547 3072 uut
569 3016 636 3074 duci
658 3019 691 3074 iu
713 3019 828 3076 uocata
845 3021 945 3091 posset
966 3033 1024 3074 ucu
1041 3018 1186 3088 populum
1204 3018 1280 3075 outi-

265 3121 326 3175 quo
348 3105 402 3162 sub
424 3105 562 3178 reliqioue
584 3107 667 3164 tucri.
701 3103 894 3164 Calchantem
912 3105 1025 3163 adserit
1047 3108 1147 3163 vatem
1169 3105 1281 3163 laesam

224 3192 355 3255 audeam
378 3193 415 3250 ab
438 3193 528 3269 Argis
552 3193 590 3251 ad
609 3194 729 3252 Troiam
752 3195 887 3253 revocari
909 3195 1038 3268 iussisse,
1057 3197 1091 3251 ut
1114 3195 1281 3252 ostenderet

267 3282 335 3357 quis
363 3285 474 3340 auctor.
520 3283 594 3341 dicit
627 3284 719 3341 etiam
751 3283 860 3358 quidve
891 3286 1012 3357 petunt,
1044 3284 1100 3341 hoc
1132 3287 1178 3342 est
1209 3283 1282 3357 quid

267 3370 441 3445 disponant:
473 3376 504 3429 et
530 3390 608 3429 nunc
636 3372 713 3447 quod
741 3375 855 3448 patrias
883 3375 973 3430 vento
996 3373 1108 3447 petiere
1131 3371 1281 3446 Mycenas,

340 3547 533 3595 :tromucotum
553 3541 605 3593 th
623 3559 684 3595 curu
703 3549 767 3595 essct
785 3559 806 3596 c.
828 3542 870 3594 ed.
924 3540 927 3545 ⁴
963 3542 1122 3608 (litaminis
1141 3541 1193 3592 th
1212 3555 1281 3593 corr.

267 3630 281 3664 r
300 3612 343 3666 ed.
425 3619 455 3665 11
474 3618 535 3679 post
553 3613 611 3680 Lp
630 3612 655 3664 R
671 3619 759 3680 posset
776 3630 791 3664 r
809 3613 852 3666 ed.
935 3619 967 3665 13
985 3613 1176 3681 pravissimum
1195 3612 1227 3663 R.

269 3685 401 3737 17iusus
420 3683 627 3737 LRcreused.
724 3683 1032 3738 touecLRueued.
1123 3689 1155 3734 21
1177 3681 1285 3751 arqilt

266 3755 346 3824 arpis
363 3772 384 3806 r.
481 3759 514 3805 22
535 3755 665 3808 adaerere
682 3755 707 3807 lt
726 3754 787 3825 ipse
806 3771 877 3810 corr.
894 3783 925 3802 =
939 3755 965 3809 h
985 3756 1051 3811 odo.
1069 3754 1119 3810 ed.
1207 3757 1245 3804 ‘ti
1266 3768 1304 3802 uc

265 3825 421 3891 rempr'LE
439 3841 491 3876 reu
509 3842 530 3878 r,
551 3826 593 3878 ed.
669 3834 704 3881 32
723 3845 779 3898 quo
798 3828 853 3885 LR
873 3831 951 3903 quod
971 3849 995 3886 r.
1095 3884 1097 3889 .
