3250 4350
661 450 844 525 summos
862 452 901 506 lv
1224 452 1292 519 401

277 639 318 679 aa
339 637 404 679 esea
426 620 599 694 Pppmcliore
624 622 695 679 darn
720 623 836 680 necocia
863 622 958 694 frater
984 622 1134 680 destruct?
1178 621 1293 695 infelix,

276 709 384 785 inquit,
397 710 518 769 fortuna
536 728 603 768 mea
620 709 695 785 quid
713 710 840 770 ulterius
858 713 968 785 sperat
984 712 1011 769 si
1027 710 1175 770 maiorum
1193 729 1292 772 moras

277 799 426 874 adquirat,
449 801 497 858 oui
520 799 699 874 supplicium
724 801 754 857 et
777 818 795 856 a
818 799 912 860 fratre
933 800 1078 858 metuitur
1100 802 1131 859 et
1154 799 1293 860 laborum

274 907 418 961 meorum,
447 907 521 964 quos
543 889 576 945 in
598 890 686 947 tanta
708 887 781 947 urbe
805 887 958 947 condenda
980 889 1159 964 consumpsi,
1185 888 1292 963 plenus

246 979 449 1052 senpectatnr
466 974 626 1036 interitus?
663 980 716 1036 oct
733 980 850 1050 captam
867 977 957 1037 docnt
976 975 1118 1036 Gaetulus
1136 977 1292 1038 Hicetas?

273 1069 330 1124 aut
357 1085 404 1125 me
432 1063 577 1126 Gaetulus
604 1065 735 1125 Hiarbas
762 1065 853 1126 ducat
884 1065 1044 1125 abductam
1071 1069 1102 1125 et
1129 1066 1176 1125 eui
1206 1067 1291 1126 salva

273 1155 431 1213 honestate
453 1155 562 1232 negavi
584 1157 705 1230 nuptias
728 1174 810 1214 meas
834 1155 923 1215 duest
945 1155 1086 1229 invitam,
1113 1155 1202 1214 ducat
1224 1173 1290 1234 per·

274 1244 340 1301 dita
358 1243 498 1302 libertate
515 1241 690 1318 captivam?
720 1242 842 1305 Gaetuli
856 1247 885 1302 et
899 1243 1030 1303 Hiarbae
1045 1244 1208 1319 appellatio
1223 1262 1291 1304 oon·

273 1334 347 1391 vicii
369 1351 460 1392 causa
481 1333 581 1408 posita
604 1336 657 1393 est.
703 1333 805 1392 saltem
827 1335 854 1391 si
877 1350 936 1405 qno
958 1333 1030 1391 mibi
1052 1334 1088 1392 de
1109 1337 1136 1392 te
1158 1337 1289 1406 suscepta

231 1442 259 1482 10
273 1423 379 1494 fnisset
409 1425 477 1482 arcte
507 1423 611 1495 sapam
641 1421 768 1490 soboles,
799 1423 827 1480 si
853 1423 919 1494 qais
945 1423 1018 1481 mila
1043 1423 1191 1495 parvulus
1218 1423 1291 1482 calo

273 1512 385 1570 luderet
410 1507 541 1580 Aeneas,
573 1513 624 1583 qur?
653 1515 678 1569 te
705 1514 802 1569 tamea
829 1528 878 1568 ore
903 1511 1037 1583 referret,
1063 1528 1124 1569 corr
1151 1513 1282 1584 equidem
1291 1517 1344 1565 330

272 1600 390 1658 amcino
413 1603 499 1671 ecptc
521 1617 557 1658 oe
579 1600 693 1658 deserto
714 1601 843 1659 nidera:
864 1599 973 1659 saltem
996 1601 1024 1659 si
1042 1601 1223 1677 contigisset,
1242 1602 1287 1659 in-

272 1691 353 1764 quit,
380 1693 414 1747 ut
442 1691 510 1748 ante
538 1687 642 1766 fugam
666 1691 765 1764 mam,
791 1707 851 1747 non
874 1687 951 1746 dixit
973 1691 1043 1748 aute
1066 1688 1290 1766 navigationem

271 1781 357 1836 tuam
381 1780 433 1837 aut
456 1780 526 1836 ante
550 1777 716 1837 abscessum
740 1781 835 1851 tuum,
859 1795 935 1852 quae
958 1777 1055 1835 solent
1073 1795 1136 1836 esse
1154 1778 1289 1852 honesta,

225 1886 257 1926 rs
271 1866 325 1927 sed
348 1867 464 1943 fugam,
492 1885 569 1942 qnae
592 1865 692 1924 fuerat
714 1867 824 1942 turpis,
851 1869 887 1923 ut
908 1868 1081 1924 nasceretur
1102 1866 1179 1924 mihi
1201 1886 1236 1925 ex
1259 1871 1288 1926 te

272 1954 390 2015 suboles
411 1956 517 2031 aliqua
539 1957 586 2013 tui
608 1956 710 2015 vultus
732 1955 959 2016 similitudinem
977 1957 1101 2030 poitans
1121 1956 1151 2012 et
1169 1957 1288 2034 signata

270 2045 392 2102 nomine
419 2045 471 2102 tno
499 2045 531 2102 in
559 2045 629 2103 aula
657 2063 723 2103 mea
749 2044 879 2118 luderet,
907 2046 985 2103 essct
1012 2044 1156 2103 solacium
1183 2045 1287 2122 solitu7

271 2133 352 2192 dinis
375 2152 458 2193 meae
481 2152 535 2193 nec
558 2133 676 2193 viderer
698 2152 717 2192 a
739 2135 769 2192 te
792 2135 825 2193 in
847 2134 946 2192 totum
969 2132 1115 2193 destituta
1139 2133 1186 2193 vel
1205 2133 1287 2193 duris

271 2223 434 2299 angoribus
458 2225 553 2299 capta.

225 2332 256 2372 ao
339 2311 480 2371 Diceret:
516 2312 592 2370 dixit
618 2311 697 2371 Dido
729 2331 783 2388 pro
817 2330 905 2372 causa
938 2329 994 2371 sua
1025 2312 1168 2389 adlegans
1199 2311 1287 2386 iusta,

270 2402 411 2475 hnmana,
435 2400 613 2475 miseranda,
639 2421 714 2477 quae
737 2402 857 2461 Aeneae
880 2404 1011 2459 mentem
1033 2400 1150 2461 flectere
1172 2400 1286 2475 potuis-

270 2491 339 2547 sent
371 2494 401 2548 et
432 2489 580 2549 deberent.
627 2490 783 2550 constabat
815 2491 895 2549 enim
927 2492 1019 2550 etiam
1050 2491 1149 2566 ipsum
1178 2507 1286 2566 magno

270 2577 386 2653 pudore
404 2579 554 2652 confundi,
573 2582 677 2655 utpote
702 2582 753 2655 qni
774 2580 897 2658 ingrati,
916 2581 970 2655 qui
992 2578 1119 2651 fallacis,
1137 2578 1190 2653 qui
1208 2578 1285 2656 fugi·

270 2667 327 2724 tivi
351 2686 507 2742 personam
531 2672 636 2729 eontra
658 2670 830 2728 institutum
852 2686 940 2727 snum
958 2666 1029 2725 Iove
1048 2669 1171 2745 cogente
1189 2684 1285 2725 snsce-

222 2776 255 2817 ss
270 2757 373 2831 pisset
427 2757 478 2816 sed
509 2758 561 2817 ille
594 2756 757 2817 adsistebat
787 2758 958 2816 reverenter
990 2754 1166 2815 caelestibus
1197 2756 1285 2816 iussis

268 2845 397 2920 ideoque
415 2850 505 2921 poeta
523 2846 599 2905 dixit
616 2848 665 2906 ille
678 2846 759 2905 Iovis
774 2848 893 2906 monitis
906 2848 1018 2904 inmoto
1031 2845 1143 2903 terrebat
1155 2845 1286 2904 lamina:

269 2934 386 2993 scilicet
408 2955 468 2995 non
490 2936 650 3009 respiciens
674 2953 750 3011 qnae
772 2936 893 3011 rogaret
915 2952 970 2993 nee
992 2933 1131 2993 lacrimas
1155 2936 1218 2993 eins
1240 2938 1285 2993 at·

268 3023 395 3083 tendens
425 3024 520 3084 solum
547 3023 650 3083 Iovem
682 3022 803 3083 videbat
834 3025 949 3097 animo,
981 3023 1078 3083 solum
1105 3026 1185 3081 stare
1215 3027 1284 3082 ante
1331 3068 1334 3099 ζ

268 3112 373 3171 oeulos
396 3132 472 3186 suos,
491 3131 509 3170 a
528 3114 612 3172 cuius
634 3114 801 3188 praeceptis
824 3114 938 3171 moveri
960 3131 1020 3171 non
1043 3114 1170 3187 poterat.
1207 3112 1285 3173 hunc

343 3341 359 3386 2
378 3336 444 3403 quid
462 3335 483 3387 L
503 3334 575 3403 quod
593 3334 623 3388 in
642 3336 709 3404 quid
727 3351 794 3390 corr.
809 3335 843 3390 R.
859 3338 864 3405 1
880 3336 1017 3390 maiorem
1035 3334 1085 3387 LR
1104 3335 1221 3388 maiores
1239 3335 1282 3389 ed.

344 3411 359 3458 o
378 3414 516 3474 expectare
534 3405 586 3459 LR
604 3413 682 3461 -atwr
700 3406 743 3460 ed.
764 3409 768 3475 l
793 3406 929 3461 Gaetulm
947 3423 1000 3461 om.
1015 3405 1069 3458 th
1087 3406 1152 3458 add.
1171 3422 1186 3457 r
1204 3404 1247 3458 ed.

268 3484 286 3531 6
311 3479 395 3531 ducat
419 3478 552 3532 Gaetulas
575 3478 701 3533 Hicetas
722 3477 871 3533 adductam
894 3477 948 3529 LR
974 3478 1059 3531 durat
1081 3477 1123 3529 ed.
1146 3476 1223 3530 Gaet.
1244 3476 1281 3528 Η.

268 3547 353 3602 omisi
371 3550 404 3601 ut
421 3548 601 3603 manifestam
619 3548 843 3618 dittographiam
861 3548 1009 3603 obductam
1032 3547 1067 3601 cf.
1083 3554 1107 3613 a,
1118 3552 1170 3600 632
1190 3562 1281 3600 emen-

268 3620 345 3686 davi,
364 3636 429 3674 nam
448 3620 531 3675 dunat
548 3637 600 3689 pro
618 3619 649 3674 in
666 3619 876 3673 matrimonium
895 3619 982 3672 ducat
995 3618 1123 3687 accipere
1137 3617 1256 3671 videtur.
1275 3613 1280 3688 l

267 3692 317 3746 eui
334 3690 385 3743 th
403 3694 429 3745 ie
446 3692 493 3746 eci
511 3690 554 3745 ed.
619 3695 634 3744 7
652 3706 725 3745 meas
743 3689 794 3743 LR
813 3706 888 3745 meae
904 3708 945 3745 me
964 3690 1006 3742 ed.
1073 3695 1106 3743 10
1123 3689 1233 3743 subcks
1250 3686 1280 3740 Ls

325 3767 357 3816 11
376 3768 468 3817 tamea
485 3760 538 3815 LR
554 3768 662 3818 amum
680 3760 724 3817 ed.
781 3765 813 3814 12
832 3778 866 3816 ae
883 3759 936 3814 La
954 3766 1004 3815 oct
1022 3760 1065 3814 ed
1121 3765 1155 3813 14
1172 3762 1273 3832 abacis

266 3850 331 3888 sum
349 3832 378 3888 L.
435 3838 467 3886 18
486 3834 524 3887 od
542 3840 567 3887 te
584 3831 644 3886 LR.
699 3836 734 3885 ‘24
752 3831 1191 3903 racemumed.1rueespiaet
1205 3830 1242 3883 ll.

324 3930 383 3971 Don.
397 3930 490 3981 interpr.
503 3932 571 3982 Verg.
589 3931 634 3971 vol.
643 3931 661 3970 1.
1040 3926 1079 3975 ‘lb
