3250 4350
657 418 840 474 AENEIDOS
859 419 897 472 VI
1223 417 1287 482 541

269 589 464 663 arbitrantur,
487 588 539 647 sed
563 587 641 664 quod
660 589 701 647 sit
720 587 894 662 altissimus,
917 589 947 646 et
965 587 1020 646 hcc
1038 587 1135 664 magis
1154 588 1288 665 tetigisse

268 678 447 757 Vergilium,
470 677 521 737 sed
549 696 608 736 non
631 677 687 736 hoc
710 678 843 752 positum
866 679 924 750 est;
957 695 1026 734 nam
1054 677 1106 752 qui
1134 675 1210 735 dixit
1237 678 1290 753 qui

267 786 349 826 nunc
370 767 503 826 Misenus
526 766 564 825 ab
587 766 641 825 illo
665 765 774 826 dicitur
797 765 928 825 ostendit
951 784 969 822 a
992 765 1142 824 veteribus
1165 765 1289 825 Aerium

267 858 485 931 nuncupatum.
537 874 608 913 nam
641 874 716 930 quae
747 857 825 914 esset
856 853 964 914 Miseni
995 853 1094 931 gloria
1125 857 1178 914 aut
1210 855 1288 914 unde

235 969 250 1010 e
267 945 396 1004 sciretur
414 943 673 1020 ipsum’positum,
692 945 718 1003 si
736 963 797 1003 non
815 943 863 1002 illi
881 944 978 1002 monti
991 946 1107 1002 remoto
1126 943 1288 1019 superioris

266 1034 413 1109 temporis
436 1033 582 1093 vocabulo
605 1031 713 1092 Miseni
735 1052 844 1092 nomen
866 1035 944 1091 esset
967 1030 1158 1107 adpositum?

338 1124 398 1182 His
421 1125 492 1181 cetis
514 1139 641 1196 propere
668 1124 818 1196 exequitur
840 1126 1000 1195 praeopta
1021 1119 1163 1194 Sibyllae:
1190 1123 1289 1180 totum
1317 1158 1320 1164 ‹

268 1214 430 1289 propterea
449 1211 598 1271 adseritur
615 1211 720 1271 fecisse
734 1211 782 1272 vel
795 1211 902 1284 facere,
926 1210 1005 1287 quod
1023 1210 1110 1268 illum
1124 1211 1177 1269 aut
1195 1209 1287 1269 iussio

267 1301 367 1377 patris
394 1301 553 1377 inpelleret
582 1303 635 1359 aut
661 1299 770 1360 Miseni
797 1299 923 1358 dilectus
952 1302 1080 1376 urgeret.
1126 1299 1288 1374 descriptio

219 1415 252 1456 10
270 1390 403 1449 adicitur
430 1389 531 1448 aditus
560 1389 598 1448 ad
625 1389 743 1448 inferna
769 1389 928 1448 tendentis.
973 1389 1113 1462 spelunca
1142 1389 1204 1447 altu
1230 1390 1289 1462 fao
1379 1447 1382 1461 ,

268 1484 409 1554 reamque
435 1481 567 1538 iomanis
593 1479 691 1537 biota:
719 1478 861 1555 spelunca
889 1478 950 1537 fuit
977 1477 1053 1550 alta,
1080 1478 1157 1537 hanc
1183 1479 1289 1555 ingens

268 1567 373 1626 hiatus
395 1571 494 1627 terrae
517 1567 696 1626 naturaliter
713 1567 895 1642 profundam
913 1568 1033 1625 fecerat.
1073 1584 1206 1640 scrupea,
1233 1565 1289 1625 hoc

270 1660 319 1715 est
345 1657 458 1716 saxosis
485 1655 629 1716 lateribus
657 1659 748 1731 atque
776 1656 903 1732 asperis3
934 1675 995 1714 non
1022 1657 1102 1715 enim
1127 1655 1214 1714 illam
1241 1673 1289 1714 ars

269 1748 485 1822 procuraverat
515 1747 568 1804 aut
589 1744 718 1804 bominis
741 1763 857 1803 manus.
902 1749 966 1804 iata
988 1744 1056 1804 aar
1077 1746 1162 1819 cipro
1193 1761 1289 1804 aano-

221 1860 254 1901 15
271 1853 398 1908 raraque
421 1836 558 1894 tenebris:
579 1833 653 1893 haec
677 1834 819 1909 quoniam
842 1851 958 1908 semper
979 1837 1078 1908 patet,
1105 1853 1142 1892 ne
1166 1834 1205 1892 ad
1223 1853 1289 1891 eam

272 1924 406 2000 cuipiam
430 1923 470 1993 sit
497 1923 594 1982 facilis
622 1940 769 1997 accessus,
800 1940 856 1998 prc
883 1940 967 1981 muro
994 1921 1086 1980 babet
1112 1923 1224 1997 lacum,
1254 1942 1290 1981 ex

270 2012 361 2071 undis
384 2016 485 2071 autem
507 2011 697 2072 horrentibus
721 2013 752 2069 et
774 2013 881 2070 taetris
905 2013 936 2069 et
958 2010 1123 2069 multarum
1150 2011 1289 2070 arborum

270 2101 402 2160 tenebris
430 2103 504 2160 satis
532 2101 632 2160 fuerat
658 2100 785 2160 occulta.
831 2117 920 2174 qaam
946 2117 1044 2175 saper,
1071 2098 1174 2159 idest
1201 2118 1290 2176 super

272 2209 377 2267 quam,
409 2192 482 2251 boat
511 2190 590 2250 allae
616 2195 756 2264 poteraut
780 2192 892 2265 tumme
918 2192 1048 2249 volantes
1079 2189 1195 2249 traciae
1225 2192 1342 2248 iterio

222 2305 255 2346 eo
266 2282 390 2355 prauis:
417 2298 505 2355 super
531 2280 609 2339 banc
636 2280 737 2339 nullae
765 2281 899 2339 volucres
927 2282 1068 2355 poterant
1099 2280 1161 2338 sine
1192 2297 1289 2353 poena

272 2371 415 2443 transire3
437 2369 500 2427 illic
524 2368 603 2428 enim
625 2368 837 2428 moriebantur.
883 2369 957 2427 dicit
980 2387 1112 2428 causam:
1138 2368 1207 2427 tulis
1229 2384 1290 2426 sese

271 2459 383 2517 battus
405 2460 479 2517 atris
497 2458 634 2531 faaeibcs
657 2458 808 2533 effarrdeas
831 2475 940 2531 rupero
962 2459 1003 2517 ad
1025 2474 1152 2516 macera
1170 2456 1288 2531 ferebat

273 2548 420 2623 quantum
443 2548 588 2606 momenti
609 2547 714 2606 avibus
737 2547 838 2605 fuerat
860 2548 1072 2620 necessarium,
1099 2547 1134 2603 ut
1160 2546 1289 2604 transire

271 2636 436 2695 incolumes
458 2633 601 2711 possent?
624 2635 676 2694 sed
698 2637 785 2694 tanta
803 2634 848 2693 vis
873 2635 1032 2695 exhalabat
1055 2654 1090 2694 ex
1111 2634 1173 2693 illis
1196 2634 1289 2692 fauci-

222 2749 255 2792 ,ι
273 2726 343 2798 bus,
371 2727 406 2783 ut
427 2725 491 2784 illic
515 2726 625 2802 puncto
653 2725 796 2801 temporis
825 2723 916 2782 etiam
944 2724 998 2783 citi
1020 2723 1140 2782 volatus
1167 2741 1289 2798 supera-

273 2818 391 2888 rentur,
418 2833 472 2873 nec
500 2814 553 2873 has
578 2812 714 2888 iuvabat,
746 2814 772 2872 si
802 2815 938 2888 peterent
961 2814 1070 2888 eltum3
1103 2812 1142 2871 ad
1174 2812 1290 2872 caelum

272 2902 353 2963 enim
381 2919 477 2980 usque
504 2901 697 2979 perveniebat
724 2901 866 2978 quicquid
895 2902 979 2962 lacus
1005 2904 1102 2961 taeter
1131 2904 1162 2961 et
1188 2902 1289 2961 hiatus

271 2994 431 3069 speluncae
458 2992 605 3051 ructabat.
651 2992 855 3065 coercerem
876 2992 1011 3065 primam
1036 2994 1187 3066 uiprantee
1209 2996 1290 3064 repa

346 3166 367 3245 δ’
380 3168 481 3244 remoto
499 3177 555 3244 om3
568 3161 611 3215 ed.
669 3166 739 3214 5-6
757 3163 883 3244 reperior
900 3161 993 3216 ceteris
1011 3161 1036 3215 V
1053 3161 1191 3230 aperiat
1207 3176 1229 3214 c.
1245 3159 1288 3213 ed.

272 3249 427 3386 {imm
441 3239 660 3370 panem&
678 3232 924 3372 subeligitlagdyi
957 3230 1289 3359 iaza‘irdsi'mcitricxiediom

273 3382 290 3429 9
310 3375 408 3430 miseni
426 3376 540 3430 dilectae
553 3374 578 3427 V
592 3374 637 3444 (cf.
648 3381 674 3441 4,
685 3379 745 3428 292,
761 3380 786 3441 9,
796 3378 842 3442 85)
856 3374 985 3430 Misereor
997 3375 1124 3429 inventae
1138 3373 1181 3426 ed.
1204 3376 1208 3442 Ι
1228 3390 1289 3427 aar·

272 3452 347 3518 peret
363 3446 389 3500 V
407 3462 477 3500 corr.
492 3446 535 3501 ed.
552 3448 557 3514 Ι
572 3446 715 3501 barabae
732 3448 765 3499 ut
783 3446 950 3515 plerumque
968 3444 1002 3500 V.
1080 3449 1184 3499 18-19
1203 3444 1235 3497 oi
1252 3450 1291 3498 eat

272 3534 356 3643 rra
370 3517 868 3658 arrectaria
877 3515 1291 3657 iteraretur

272 3660 376 3729 scripsi
395 3630 522 3729 cf.⁸quod
540 3658 672 3715 similiter
689 3659 808 3715 adnotat
828 3665 870 3725 12,
882 3664 942 3726 177,
956 3630 1010 3713 cin.
1020 3657 1064 3711 ed.
1122 3664 1155 3712 21
1175 3658 1242 3712 talea
1255 3656 1289 3710 V.

329 3737 363 3784 22
382 3731 468 3786 ulitur
480 3731 513 3785 V.
531 3732 535 3801 ι
551 3748 575 3784 v.
591 3736 643 3785 242
661 3741 718 3786 uon
736 3730 824 3787 habet
841 3731 868 3785 V
885 3728 1074 3799 interpolari.
1147 3734 1182 3781 24
1199 3728 1247 3784 red
1264 3726 1291 3781 V

272 3804 299 3859 ei
314 3802 371 3858 ed.:
390 3802 531 3856 sententia
544 3801 587 3856 ita
601 3804 721 3880 constat,
735 3802 760 3856 si
774 3810 908 3874 paratam
922 3800 1090 3870 quantulum
1104 3799 1277 3871 intellegitur
