3250 4350
707 429 892 484 AENEIDOS
909 429 936 483 V
1266 429 1331 494 511

312 600 386 660 solis
410 618 513 660 cursus
537 600 575 660 ad
604 619 671 659 eum
699 599 788 658 finem
811 601 914 659 veniat
940 600 1018 659 unde
1045 601 1153 676 incipit
1179 601 1212 657 in
1239 599 1334 658 alium

312 689 444 765 tendere,
463 692 498 748 ut
512 693 633 765 reparet
652 688 744 763 diem;
767 689 817 748 hic
836 690 915 748 enim
937 687 1049 747 dicitur
1065 690 1209 765 temporis
1228 688 1333 747 modus

315 781 370 853 qui
388 781 521 838 mortuos
544 797 677 838 remeare
691 777 844 854 conpellit.
885 796 1008 837 saevum
1023 779 1167 838 orientem
1183 777 1258 836 bene
1280 797 1333 852 po·

315 868 378 927 suit
401 887 436 926 ex
458 886 586 945 persona
608 869 714 943 patris,
739 867 881 942 quoniam
904 867 981 926 caeli
1007 885 1109 926 cursus
1136 866 1266 926 invitum
1289 885 1333 926 se·

282 956 445 1032 sperabat
469 976 486 1015 a
509 956 580 1015 filio.
627 975 662 1015 ex
690 975 725 1017 eo
748 975 820 1015 vero
847 957 1006 1016 collectum
1033 959 1079 1015 est
1110 955 1203 1015 solem
1235 948 1333 1014 medio

314 1046 411 1105 noctis
435 1048 583 1119 exortum,
615 1045 695 1120 qnod
716 1045 795 1105 hunc
820 1044 973 1124 vgallorum
999 1048 1104 1104 cantus
1127 1044 1266 1103 nuntiare
1289 1043 1334 1102 ‹li-
1388 1049 1391 1053 ’

316 1138 431 1194 cantur.
477 1152 537 1193 non
565 1135 621 1193 hoo
649 1136 770 1193 tantum
800 1135 866 1194 loco
894 1151 1001 1194 saevus
1028 1133 1127 1193 dictus
1155 1137 1201 1193 est
1223 1135 1333 1208 oriens3

314 1243 387 1282 nam
410 1226 440 1282 et
463 1224 527 1282 illic
549 1222 672 1283 inimica
694 1225 777 1283 diota
800 1225 846 1283 est
868 1224 920 1282 lux
942 1222 995 1281 ubi
1017 1224 1207 1282 tenebrarum
1230 1221 1335 1282 suffia-

315 1315 400 1391 gium
423 1311 566 1388 proderat
578 1304 634 1393 ,(9,
649 1305 728 1394 355)
748 1311 955 1388 „absistamus
979 1314 1031 1386 ait,
1054 1331 1125 1371 nam
1143 1312 1194 1370 lux
1211 1312 1335 1370 inimica

270 1423 300 1464 so
314 1400 526 1478 propinquat“,
549 1420 609 1460 non
632 1401 768 1462 omnibus
790 1403 922 1474 inimica,
945 1401 997 1460 sed
1015 1401 1076 1460 illis
1096 1400 1167 1460 solis
1186 1419 1260 1475 quos
1283 1401 1335 1459 lux

315 1492 416 1551 fuerat
442 1491 606 1567 proditura.
654 1491 769 1551 dixerat
799 1496 827 1550 et
857 1492 953 1550 mats
981 1492 1059 1565 faptt
1087 1508 1139 1550 ceu
1165 1492 1266 1563 fumos
1292 1492 1389 1548 tasso

316 1597 426 1639 curos:
447 1579 524 1638 nihil
543 1583 589 1638 est
607 1582 687 1638 enim
705 1579 829 1639 celerius
847 1579 1032 1652 fumo‚·oum
1050 1579 1178 1638 liberum
1195 1577 1336 1637 habuerit

315 1672 350 1729 in
364 1688 452 1729 aures
472 1687 638 1741 ascensum,
671 1667 789 1729 Aeaeos
803 1685 860 1743 quo
874 1668 978 1728 detrude
995 1669 1083 1727 ruis?
1105 1685 1162 1742 pao
1179 1669 1335 1742 proripis?

315 1761 421 1834 taccat,
444 1776 529 1832 qoem
550 1758 651 1832 sapis?
681 1762 734 1816 aot
759 1759 826 1832 quis
848 1759 1006 1816 terrestris
1028 1758 1213 1831 conplexibus
1236 1757 1336 1833 arcet?

270 1868 300 1909 15
316 1849 382 1922 hoc,
407 1847 459 1922 ait,
482 1849 614 1920 nonest,
637 1847 733 1922 pater,
754 1846 845 1920 abire,
869 1845 920 1906 sed
938 1845 1049 1923 fugere.
1091 1865 1150 1922 quo
1169 1863 1336 1904 recessurus

315 1941 348 1996 te
362 1934 516 2012 proripis?
539 1936 588 1995 vel
606 1937 673 2011 quis
688 1936 734 1995 est
751 1935 808 1994 iste
826 1937 890 1994 tam
905 1934 996 1993 durus
1016 1935 1117 2010 quite
1136 1935 1174 1993 ab
1193 1935 1337 2010 amplexi-

315 2026 374 2085 bus
397 2025 441 2084 fili
464 2022 628 2084 discernit?
672 2026 743 2084 hoec
765 2040 931 2084 mammam
953 2025 1078 2083 amen
1101 2027 1128 2082 ct
1143 2024 1251 2095 sopitos
1272 2039 1338 2080 sus·

317 2117 388 2175 citat
409 2116 502 2190 tyois:
523 2113 621 2175 verbis
644 2115 747 2174 iuncta
770 2114 842 2171 sunt
863 2113 953 2187 faeta,
976 2115 1012 2170 ut
1034 2113 1098 2172 sine
1116 2129 1201 2171 mora
1219 2111 1337 2171 sollem-

316 2204 424 2263 nitatis
447 2204 523 2263 ritus
547 2203 666 2264 debitus
690 2204 864 2278 sequeretur
882 2202 1050 2261 abeuntem.
1090 2220 1151 2260 non
1169 2202 1338 2277 expectavit

270 2315 301 2356 ro
316 2294 423 2367 lucem,
442 2293 494 2352 sed
512 2294 608 2352 noctis
627 2294 762 2367 tempore
774 2294 877 2369 ignem
891 2292 1031 2351 obrutum
1049 2294 1080 2350 et
1097 2290 1337 2350 commendatum

317 2382 468 2443 cineribus
492 2382 642 2440 excitavit.
688 2382 936 2455 Pcrpomeuosque
961 2381 1054 2440 turen
1085 2384 1111 2439 ct
1139 2398 1231 2439 conoe
1247 2395 1338 2452 pcae-

317 2472 409 2530 trotto
438 2471 554 2530 Vestae:
584 2472 645 2545 ipsi
677 2471 747 2528 siunt
778 2488 854 2546 quos
885 2468 1022 2529 incendio
1050 2470 1167 2545 patriae
1194 2468 1337 2527 liberatos

316 2578 418 2620 secum
436 2558 553 2618 Aeneas
572 2558 681 2618 devota
703 2562 803 2618 mente
821 2558 971 2635 portabat.
1016 2559 1099 2631 forre
1115 2560 1171 2632 pto
1194 2558 1391 2631 ctptenutlt

316 2649 442 2723 supplex
468 2652 624 2707 amantea
647 2666 765 2708 acero:
793 2668 863 2726 ergo
890 2648 964 2707 haec
991 2646 1178 2723 propitiabat
1204 2648 1284 2706 farre
1306 2649 1337 2703 et

270 2759 304 2801 ss
316 2742 387 2799 ture
409 2737 545 2812 copioso,
571 2739 677 2813 utpote
705 2736 786 2813 quod
812 2756 849 2796 ex
875 2736 966 2813 plena
993 2754 1095 2795 acerra
1122 2735 1337 2812 proferebatur.

317 2845 439 2886 acerrae
462 2825 611 2900 dicuntur,
635 2827 797 2902 questuri
820 2826 972 2887 condendo
1003 2843 1037 2884 ao
1066 2825 1211 2884 servando
1240 2824 1336 2885 deser·

316 2917 407 2975 viunt
430 2918 460 2974 et
484 2914 522 2972 ad
544 2916 659 2990 templa
681 2914 865 2989 deferuntur,
888 2934 956 2974 cum
978 2913 1138 2973 necessitas
1161 2915 1261 2972 fuerit.

387 3004 541 3077 Extemplo
570 3006 662 3063 socios
687 3005 876 3077 prtnoosooc
905 3005 1027 3063 arcessit
1047 3001 1170 3063 Acesten
1200 3007 1226 3062 et
1254 3003 1338 3061 Iocis

317 3095 477 3167 icnpcrtum
500 3095 527 3151 et
553 3095 616 3153 cori
638 3098 798 3167 maeccpta
822 3095 959 3168 pareatis
986 3092 1081 3152 edocet
1103 3096 1130 3150 et
1155 3109 1231 3165 quac
1258 3108 1339 3151 emec

271 3205 302 3247 so
318 3184 420 3243 anana
447 3184 589 3241 seomtto
616 3185 736 3240 emec:
766 3200 877 3260 magna
904 3180 1046 3240 narrandi
1075 3180 1225 3240 celeritas:
1252 3178 1339 3254 vidit,

317 3271 433 3346 inquit,
469 3270 598 3329 Acesten
630 3270 774 3346 primum,
806 3270 912 3330 dehinc
942 3272 1052 3344 socios,
1088 3268 1234 3328 indicavit
1265 3269 1338 3345 quid

317 3362 458 3436 Iuppiter
472 3359 601 3418 Anchise
616 3360 784 3435 perferente
797 3360 1006 3437 praecepisset,
1025 3357 1098 3433 quid
1115 3360 1180 3433 ipse
1193 3357 1338 3418 Anchises

394 3605 409 3653 2
428 3599 473 3654 stc
490 3605 529 3654 cst
546 3597 605 3652 La·
621 3600 666 3653 tic
684 3602 757 3654 caim
775 3616 826 3654 nos
848 3600 898 3654 too
916 3606 954 3654 est
972 3597 1015 3656 ed.
1118 3604 1134 3652 8
1153 3599 1269 3653 moncia
1286 3596 1340 3650 th

318 3689 390 3727 corr.
410 3669 453 3724 ed.
546 3676 562 3723 6
582 3672 696 3725 extorta
714 3670 737 3723 L
760 3672 900 3726 aterum
918 3670 947 3724 R.
965 3676 1090 3725 monum
1108 3688 1123 3725 r
1140 3669 1185 3725 ad.
1275 3673 1292 3723 8
1313 3673 1341 3722 et

317 3740 514 3797 allicuerat
531 3740 633 3797 ornR.
705 3746 738 3795 rt
757 3742 889 3797 discernit
906 3740 959 3796 LR
975 3748 1082 3811 separet
1099 3742 1143 3795 ed.
1212 3746 1247 3795 24
1264 3756 1340 3795 ocer-

318 3811 564 3870 rualtcorrn
591 3829 593 3833 ·
617 3811 936 3883 sarcoprotorih.
966 3850 974 3855 --
1010 3812 1231 3869 28catoctsL.
1311 3844 1328 3852 ψ
