3250 4350
671 428 855 484 resumes
871 429 898 484 H
1231 419 1293 493 187

273 599 375 658 dioere
398 597 566 658 auxiliabor
587 602 694 674 oaptae
717 597 794 672 urbi,
816 599 870 658 ille
891 599 1048 674 praevenit
1070 600 1101 657 et
1124 600 1167 658 ait
1190 601 1294 657 eontra

272 690 396 747 tantm
417 688 481 746 vim
503 687 664 746 humanam
687 688 763 746 nihil
786 705 873 763 posse
896 689 1048 746 virtutem.
1083 689 1114 745 et
1136 687 1294 746 subnexuit

273 777 365 836 huius
383 777 429 835 rei
446 775 660 851 probationem,
680 777 706 836 si
723 780 855 851 possent,
872 778 981 852 inquit,
1000 775 1146 853 Pergama
1164 777 1293 835 humano

275 866 389 925 auxilio
417 867 598 924 oommuuiri
622 864 714 924 etiam
740 865 796 925 hoo
824 868 870 924 est
897 866 1007 940 adhue,
1039 869 1070 925 et
1100 884 1167 924 moa
1193 865 1294 941 potuit

245 955 399 1016 edentera
422 953 548 1014 delendi.
588 953 631 1013 sio
654 959 724 1032 eigo
746 955 1002 1030 pronuntiandum
1024 956 1080 1028 est,
1102 956 1137 1012 ut
1159 955 1293 1014 dieamus

274 1046 302 1103 si
329 1043 479 1120 Pergama
506 1042 627 1102 dextera
654 1042 773 1108 defendi
799 1047 922 1119 possent
949 1045 1048 1102 etiam.
1095 1044 1137 1102 sio
1160 1045 1239 1101 euim
1263 1046 1293 1101 et

275 1134 337 1192 alio
361 1133 428 1192 looo
457 1123 502 1213 (4,
522 1124 578 1213 38)
606 1133 737 1207 positum
766 1134 893 1210 legimus
921 1132 1089 1208 „placitone
1117 1134 1209 1190 eiiam
1238 1152 1293 1207 pu·

273 1222 382 1300 gnabis
397 1217 530 1280 amori‘?“
548 1221 604 1280 hoo
624 1223 669 1280 est
688 1221 791 1280 adhue.
825 1223 891 1296 ipso
909 1222 1004 1281 verbo
1018 1222 1067 1280 hio
1086 1239 1203 1298 quoquo
1221 1239 1293 1279 usus

273 1314 334 1386 est,
363 1310 478 1370 soilioet
503 1308 636 1384 potuisse
665 1328 720 1370 sua
746 1310 867 1369 deutera
895 1309 1013 1370 defendi
1039 1311 1184 1386 patriam,
1214 1312 1239 1368 si
1265 1310 1293 1367 ei

220 1422 259 1461 no
272 1400 376 1481 adhue
398 1399 590 1458 incolumitas
609 1401 764 1460 sineretur.
797 1417 885 1459 soora
903 1417 1027 1473 suosque
1044 1401 1096 1458 etot
1114 1399 1294 1458 commendat

274 1489 369 1548 Troia
387 1490 515 1561 poeotes,
537 1488 589 1546 hos
610 1505 681 1561 eope
701 1491 831 1561 futorum
849 1492 972 1555 amnites,
990 1490 1036 1546 loe
1053 1490 1169 1546 moenio
1187 1505 1293 1560 quaere

271 1595 394 1651 ortoque,
412 1581 566 1650 pererrato
583 1581 692 1636 olomeo
710 1595 785 1649 quoe
803 1579 926 1650 oeeeqoe
942 1582 1043 1649 poeto:
1066 1596 1132 1636 eooe
1153 1578 1283 1636 ostendit
1293 1581 1346 1629 295

270 1670 303 1726 et
326 1665 505 1744 fugiendum
528 1684 590 1724 esse
612 1668 643 1724 et
666 1684 725 1725 non
749 1685 812 1725 esse
834 1667 997 1742 flagitium,
1024 1668 1051 1726 si
1073 1667 1198 1744 fugerit,
1225 1685 1293 1724 oum

271 1756 373 1832 ipsum
396 1757 528 1829 patriam
550 1755 665 1814 inducit
688 1755 810 1814 Aenean
833 1757 910 1815 velle
928 1756 1051 1814 liberari
1068 1755 1244 1832 perfugam
1262 1757 1293 1813 et

221 1865 258 1906 ue
272 1863 361 1904 saera
388 1846 420 1902 et
446 1843 516 1903 deos
545 1833 651 1919 quibus
680 1843 842 1920 aliquando
873 1845 972 1922 viguit
1005 1843 1187 1919 asportanda
1214 1862 1291 1902 eom-

272 1932 480 2007 mendantem3
513 1935 603 2008 etque
626 1952 660 1992 oo
683 1934 780 2011 magis
803 1933 963 2009 petendam
986 1934 1098 2011 fugam,
1121 1932 1200 2008 quod
1224 1950 1293 1992 eon-

272 2026 370 2082 etaret
401 2041 527 2097 regnum
557 2021 635 2080 illud
667 2040 723 2098 ope
756 2023 885 2082 hominis
917 2023 1042 2081 ulterius
1079 2021 1197 2079 defendi
1232 2040 1292 2080 non

272 2130 371 2188 posse,
396 2110 475 2187 quod
498 2129 553 2170 neo
576 2111 619 2168 dii
641 2111 688 2169 sui
711 2112 790 2170 tueri
813 2114 982 2189 potueruut.
1020 2114 1168 2187 quantum
1191 2113 1292 2169 autem

272 2203 395 2259 Aeneae
419 2199 548 2259 addatur
571 2200 608 2259 ad
631 2200 772 2259 meritum
794 2220 830 2259 ex
852 2202 908 2260 hoo
931 2200 1021 2260 datur
1047 2200 1196 2279 intellegi,
1224 2219 1292 2259 oum

219 2290 320 2350 eoilli
343 2308 429 2349 saera
453 2291 484 2347 et
505 2288 576 2348 deos
599 2307 667 2347 suos
694 2290 861 2365 intercepta
884 2290 974 2349 Troia
1002 2290 1204 2363 commendat,
1237 2289 1296 2347 aut

272 2379 354 2438 enim
380 2378 509 2436 nimium
535 2378 708 2461 religiosum
730 2378 857 2454 probare
880 2380 977 2438 voluit
1000 2383 1054 2438 aut
1075 2380 1150 2454 ipsis
1172 2378 1292 2455 religio-

272 2467 362 2527 nibus
382 2466 591 2527 conservandis
611 2467 799 2543 aptissimum
818 2471 871 2526 aut
885 2468 942 2527 diis
955 2468 1029 2543 ipsis
1044 2472 1123 2527 oerte
1135 2467 1291 2542 potiorem.

272 2558 374 2616 nullus
394 2556 474 2614 enim
493 2555 717 2615 commendatur
734 2558 793 2615 nisi
812 2559 866 2632 qui
884 2559 924 2615 sit
942 2576 976 2616 eo
996 2558 1044 2616 oui
1067 2554 1292 2615 commendatur

272 2646 408 2705 inferior.
445 2645 518 2704 heeo
536 2648 638 2704 eutem
656 2644 729 2703 dicit
752 2663 837 2705 saera
860 2648 891 2704 et
913 2664 962 2705 eos
986 2646 1197 2704 commemoret
1220 2644 1291 2703 deos

226 2754 260 2794 :o
274 2753 403 2811 quorum
430 2736 520 2810 poeta
542 2736 575 2793 in
596 2734 729 2793 themate
757 2736 938 2793 mentionem
969 2735 1041 2794 feeit
1068 2733 1167 2793 dicens
1190 2726 1236 2813 (1,
1256 2726 1290 2814 6)

274 2824 475 2898 ,inferretque
498 2822 567 2883 deos
590 2821 706 2881 Lolio“.
743 2841 809 2882 eooe
833 2824 924 2882 etiam
947 2824 996 2882 hio
1017 2825 1118 2900 agitur
1136 2841 1226 2882 eausa
1243 2823 1290 2880 iu·

273 2914 382 2991 giusti,
411 2930 448 2970 ne
470 2912 565 2969 ullam
588 2932 623 2971 ex
646 2930 680 2970 eo
705 2913 863 2971 contrahat
886 2913 1013 2987 eulpam.
1059 2911 1164 2971 suadet
1187 2913 1290 2989 fugam

271 3004 376 3079 imago
394 3001 453 3059 viri
471 3001 568 3074 fortis,
587 3000 693 3059 suadet
715 3000 782 3076 ipsa
806 3001 898 3060 etiam
920 3003 1029 3077 patria,
1053 3020 1129 3075 quae
1151 3003 1184 3059 in
1207 3002 1290 3059 auxi·

272 3091 349 3149 lium
372 3091 420 3149 sui
442 3090 501 3148 viri
521 3089 608 3149 fortis
635 3092 768 3148 animum
795 3089 899 3148 debuit
924 3092 1068 3163 invitare,
1096 3089 1185 3148 datur
1212 3091 1291 3167 fugi·

233 3184 343 3239 saturo
376 3178 500 3238 deorum
531 3180 657 3238 societas
688 3179 880 3254 omniumque
908 3197 1067 3237 sacrorum.
1113 3179 1186 3254 quid
1213 3179 1292 3238 euim

346 3389 364 3436 4
382 3384 476 3453 potuit
492 3383 551 3437 th
574 3385 728 3453 potuissent
755 3382 826 3449 edd,
850 3383 900 3436 sed
927 3383 1039 3449 defendi
1065 3383 1292 3453 impersonaliter

271 3455 400 3526 positum
417 3454 541 3521 videtur,
564 3458 597 3509 ut
614 3456 716 3525 poetes
734 3452 820 3507 verba
838 3454 989 3508 varientur.
1090 3461 1105 3507 6
1122 3461 1212 3523 posset
1229 3454 1290 3521 LR,

272 3528 323 3581 'sed
342 3541 429 3595 supra
444 3533 562 3595 possent.
644 3531 658 3579 7
675 3526 827 3593 placitiooe
845 3525 897 3578 LR
916 3542 984 3580 corr.
999 3525 1021 3578 L
1040 3526 1101 3595 ipse
1115 3544 1130 3579 r
1144 3526 1291 3595 placidone

272 3598 330 3651 ed:
351 3605 377 3662 4,
393 3603 427 3651 38
446 3596 518 3651 nihil
537 3597 572 3651 de
591 3596 645 3651 hae
663 3597 899 3666 interpretatione
917 3597 996 3650 verbi
1014 3600 1104 3651 etiam.
1167 3602 1201 3649 10
1219 3598 1290 3650 siue-

271 3676 351 3725 retur
368 3668 421 3721 LR
437 3670 637 3738 relinqueretur
655 3667 698 3721 ed.
764 3672 796 3719 11
816 3669 867 3722 hoe
884 3668 959 3723 LR„
1010 3673 1044 3721 14
1062 3670 1151 3737 ipsam
1166 3669 1291 3735 patriam

272 3740 325 3795 LR
343 3741 408 3809 ipso
421 3742 520 3809 patrio
538 3739 650 3807 defendi
667 3755 724 3793 ooo
738 3740 827 3807 possit
845 3740 888 3793 ed.
954 3745 987 3793 15
1006 3740 1289 3807 quibos—commen-

218 3875 227 3888 „
272 3812 385 3867 doum
403 3828 458 3864 om.
472 3811 516 3883 ed.
589 3816 624 3865 18
638 3810 737 3879 putria
755 3810 848 3863 eruli
867 3810 932 3863 add.
947 3828 968 3864 r.
