3250 4350
659 434 843 490 Anuamos
862 435 888 489 v
1222 429 1290 498 455

268 604 423 676 medieque
449 605 482 662 ic
509 605 585 663 culte
613 606 717 663 theatri
744 607 839 663 circus
867 608 943 661 erut·
969 621 1029 661 non
1052 604 1116 662 illic
1138 603 1290 662 theatrum

270 692 477 751 aedificatione
501 694 689 767 conpositum
712 693 773 751 fuit
796 696 850 751 aut
873 692 977 766 circus,
1001 691 1052 751 sed
1075 696 1183 751 natura
1201 691 1290 749 illum

269 781 371 841 locum
393 783 425 838 in
447 799 561 840 morem
583 783 695 841 theatri
718 784 930 857 conposuerat,
953 781 1105 839 theatrum
1128 783 1206 838 enim
1230 780 1291 838 dici
1356 792 1359 798 ’

267 872 372 946 potest
393 870 471 928 unde
494 873 624 946 spectari
648 870 720 946 quid
747 871 852 946 possit.
896 871 1013 928 montes
1044 871 1139 947 igitur
1166 869 1289 928 circum·

229 980 248 1020 5
268 959 415 1017 dederant
437 960 594 1034 planitiem
616 961 716 1036 campi
739 962 830 1036 atque
852 960 898 1017 ita
919 959 1031 1017 theatri
1054 960 1217 1035 imaginem
1238 958 1290 1017 da·

266 1048 353 1120 bant,
376 1049 466 1124 plana
490 1052 591 1107 autem
614 1050 685 1109 circi
703 1049 800 1107 vicem
823 1051 965 1124 poterant
988 1047 1133 1106 exhibere.
1180 1047 1289 1124 grami-

267 1155 361 1195 neum
378 1139 410 1193 iu
434 1155 572 1213 campum
595 1137 686 1196 etiam
709 1137 751 1196 sie
773 1155 930 1213 possumus
949 1137 1072 1195 sentire:
1097 1139 1201 1210 aptum
1224 1154 1290 1193 cur-

267 1225 353 1284 sibus
377 1229 407 1284 et
431 1229 559 1286 cursuris
583 1229 762 1301 oportunum
785 1244 821 1284 ac
846 1246 901 1301 per
926 1226 983 1285 hoc
1010 1245 1070 1284 non
1098 1225 1290 1300 calculosum,

269 1314 323 1373 sed
346 1314 474 1389 mollem,
496 1317 529 1373 in
552 1335 610 1391 quo
634 1315 722 1374 nudis
745 1315 859 1391 plantis
883 1317 962 1373 ourri
984 1316 1131 1390 potuisset
1154 1313 1290 1372 omnibus

218 1424 251 1466 rc
270 1403 416 1462 submotis
439 1404 658 1479 inpedimentis.
705 1406 803 1479 campi
826 1403 921 1481 igitur
948 1405 1089 1480 planities
1113 1404 1185 1477 suit,
1214 1421 1291 1478 quae

269 1493 403 1567 spatium
433 1495 591 1568 conpetens
623 1493 780 1552 certaturis
811 1492 903 1551 daret.
957 1492 1134 1569 cingebatur
1164 1493 1218 1550 illa
1246 1492 1319 1549 in-'

267 1581 355 1639 flexis
378 1582 536 1656 montibus,
559 1586 593 1641 ut
613 1601 689 1657 quae
712 1583 743 1638 in
766 1583 859 1658 plano
884 1581 1094 1640 exhiberentur
1113 1600 1147 1638 ex
1167 1583 1290 1640 summis

266 1670 408 1746 partibus
431 1671 527 1729 vidui
549 1673 725 1746 potuissent.
763 1689 819 1744 quo
833 1688 864 1728 se
876 1671 977 1730 multis
991 1689 1057 1729 urm
1070 1672 1190 1730 milibus
1207 1672 1292 1728 beros

267 1776 406 1818 consessu
420 1761 546 1818 medium
564 1762 630 1819 tulit
648 1763 829 1831 retractoque
846 1761 967 1818 resedit:
990 1759 1029 1817 ad
1048 1759 1126 1818 hunc
1145 1763 1345 1835 campumaao

218 1869 249 1911 ιε
269 1848 416 1906 deductus
436 1848 551 1907 Aeneas
575 1849 734 1908 comitibus
757 1849 860 1906 multis
885 1851 915 1906 et
937 1849 1040 1906 multis
1063 1848 1217 1906 hominum
1235 1848 1290 1904 mi-

267 1937 350 1994 libus
369 1939 452 1995 venit
471 1939 500 1996 et
518 1938 570 1995 ubi
588 1940 756 1996 extructum
774 1937 881 1994 habuit
899 1955 1012 1996 sessum
1030 1936 1063 1994 iu
1081 1937 1208 1996 sublime
1227 1955 1291 1996 sese

269 2026 414 2084 attollens
436 2026 555 2084 resedit.
601 2047 660 2085 uon
684 2026 760 2084 dixit
779 2026 865 2100 sedit,
889 2025 940 2084 sed
958 2025 1077 2100 resedit,
1101 2025 1181 2100 quod
1199 2025 1291 2102 signi·

266 2115 341 2172 ficet
361 2115 469 2174 iterum
488 2115 573 2175 sedit.
615 2115 666 2174 sed
686 2134 754 2174 cum
774 2118 863 2174 autea
880 2116 913 2172 in
926 2115 980 2175 illo
994 2115 1060 2174 loco
1079 2133 1139 2172 non
1158 2114 1290 2190 sedisset,

268 2206 420 2280 quomodo
443 2206 553 2264 iterum
576 2203 674 2264 sedit?
698 2225 758 2264 nou
781 2204 826 2264 ita
845 2207 906 2273 est,
922 2204 972 2262 sed
991 2206 1064 2280 quia
1082 2204 1186 2264 sedens
1205 2224 1290 2279 prae-

218 2316 249 2357 eo
267 2295 333 2351 fuit
356 2294 458 2352 navali
481 2294 650 2368 certamini,
679 2294 796 2352 mutato
820 2295 884 2353 loco
912 2297 992 2352 recte
1016 2294 1113 2352 dictus
1141 2297 1186 2352 est
1213 2311 1290 2352 rese·

267 2382 350 2440 disse
373 2382 429 2441 hoo
452 2384 498 2441 est
519 2385 629 2441 iterum
653 2383 770 2443 sedisse.
816 2384 870 2451 bic,
894 2385 944 2455 qui
966 2384 1041 2455 forte
1068 2383 1158 2440 celici
1186 2384 1292 2455 rapido

266 2472 439 2531 contendere
462 2474 693 2539 commisserint
713 2473 819 2544 pretiis
842 2475 955 2530 unicus
984 2475 1011 2531 et
1031 2474 1171 2545 praemia
1193 2472 1292 2543 pouit:

265 2559 467 2637 promissione
487 2562 597 2635 quippe
620 2564 650 2618 et
672 2561 877 2636 propositione
899 2562 1101 2635 praemiorum
1125 2559 1292 2637 augebatur

267 2652 385 2707 certare
407 2649 575 2708 volentibus
606 2648 738 2708 studium
766 2652 796 2707 et
820 2649 1007 2708 exoriebatur
1031 2649 1179 2724 cupiditas
1203 2647 1288 2706 dubi-

218 2762 247 2803 η
266 2737 407 2796 tantibus
420 2738 468 2795 vel
487 2739 599 2796 invitis.
638 2755 704 2796 ecce
723 2740 870 2812 quantum
887 2738 1002 2813 profuit
1019 2737 1185 2813 propositio
1204 2756 1291 2812 prae-

265 2828 413 2885 miorum:
432 2828 569 2899 wadmue,
587 2826 694 2901 iuquit,
713 2829 886 2886 conveniunt
900 2827 1006 2885 Teucri
1027 2829 1166 2898 mistique
1179 2826 1290 2894 Sicani,

264 2916 366 2975 Nisus
394 2920 419 2973 et
442 2916 596 2988 Fbaryulus
618 2918 727 2988 primi:
755 2916 883 2973 *sonem
910 2919 941 2973 et
968 2916 1151 2974 formosum*
1182 2915 1292 2973 dicitur

267 3005 431 3062 diversitas
445 3004 559 3079 populi,
583 3004 780 3062 Troianorum
800 3004 914 3062 scilicet
938 3007 968 3062 et
983 3004 1164 3078 Siculorum3
1188 3023 1292 3062 verum

267 3095 353 3152 euim
377 3095 525 3151 certamen
550 3093 675 3151 existere
698 3112 758 3151 non
777 3097 878 3168 posset
899 3094 980 3151 inter
1003 3112 1052 3152 eos
1073 3096 1125 3168 qui
1143 3113 1202 3152 uno
1224 3112 1292 3151 san·

218 3210 246 3250 ,ο
266 3182 373 3261 guinis
402 3182 549 3239 consortio
582 3182 630 3239 vel
663 3181 766 3239 eadem
799 3181 941 3241 societate
973 3183 1160 3241 tenebantur.
1213 3180 1292 3256 quod

282 3272 387 3329 autem
411 3290 429 3327 a
449 3271 581 3347 generali
603 3271 773 3329 coeuntium
790 3270 983 3329 multitudine
1001 3272 1123 3330 transiit
1144 3272 1293 3330 maturius

344 3463 359 3509 2
379 3457 534 3522 aedificatio
553 3456 575 3508 L
594 3473 657 3510 -oae
675 3456 707 3510 R.
791 3462 806 3509 3
827 3458 960 3511 theutrum
971 3462 1031 3509 —4
1047 3460 1136 3526 possit
1154 3473 1206 3509 om.
1227 3473 1292 3510 veru

262 3527 421 3583 substituit
441 3527 483 3580 ed.
561 3528 684 3596 tipitur
702 3526 755 3579 Lu
773 3544 835 3599 erpo
854 3527 880 3581 U
900 3528 941 3581 ed.
1020 3530 1221 3582 8cclculosum
1240 3527 1292 3579 LR

260 3603 374 3656 durum
398 3598 440 3651 ed.
539 3604 572 3651 14
595 3615 727 3652 consensu
750 3598 779 3650 L.
877 3604 910 3651 16
934 3599 1031 3653 babuit
1054 3615 1106 3652 om.
1127 3598 1152 3651 R
1176 3598 1241 3651 add.
1260 3598 1290 3650 in

260 3688 359 3739 marg.
380 3668 410 3722 r'.
428 3671 431 3737 Ι
447 3686 556 3724 seusam
574 3669 603 3723 L.
683 3675 715 3722 21
735 3670 937 3724 boe-sedisse
956 3687 1008 3724 om.
1024 3670 1067 3724 ed.
1141 3675 1174 3723 27
1193 3671 1292 3737 fortem

260 3751 292 3799 et
312 3743 465 3808 fcruzosum
479 3740 532 3793 La
550 3739 612 3793 loco
627 3739 728 3807 alieno,
744 3739 863 3793 fortasse
882 3743 946 3810 post
964 3743 1148 3795 demcrcstrcre
1166 3760 1193 3810 p.
1204 3745 1265 3808 456,

261 3811 523 3880 transponendum,
543 3828 596 3876 om,
612 3811 654 3865 cd.
729 3815 762 3863 29
782 3814 855 3866 cuim
874 3829 927 3865 om.
944 3812 987 3866 ed.
