3250 4350
660 406 843 463 AENEIDOS
862 407 901 460 llI
1226 407 1292 472 805

222 583 230 600 ’
273 579 426 635 cesserant
453 563 583 635 ludibria
611 576 840 650 demonstraret,
867 594 937 635 cum
964 578 1063 634 antem
1090 575 1169 635 dona
1190 577 1292 636 hnm-

272 665 357 724 modi
372 664 452 741 apud
466 684 497 724 se
510 667 638 724 victores
654 679 825 725 consecrare
841 665 903 724 sint
916 664 1006 740 soliti,
1020 664 1139 724 Aeneae
1152 666 1292 724 fortunae

272 756 446 830 provenisse
478 757 513 812 ut
544 754 625 831 apud
656 755 783 814 viatores
816 772 900 812 arma
931 754 1005 830 ipsis
1037 755 1168 812 retracta
1200 757 1291 830 atque

272 846 379 919 erepta
401 843 565 903 victoribus
587 843 705 918 publice
728 842 904 902 conlocaret.
950 843 1080 917 linquere
1102 847 1164 901 tum
1185 847 1291 917 putus

241 934 358 994 siubeo
385 937 412 992 ei
438 933 585 991 considere
613 934 763 992 transtris:
795 933 852 991 hoc
879 933 973 1006 facto,
999 932 1142 1006 quoniam
1164 932 1290 992 ulterius

272 1021 339 1080 illic
356 1022 501 1080 remorari
519 1023 703 1080 contrarium
722 1023 789 1094 fuit,
806 1020 904 1095 iubeo,
921 1020 1031 1096 inquit,
1049 1019 1136 1081 sociis
1154 1023 1189 1081 ut
1204 1023 1290 1081 navis

272 1112 305 1167 in
321 1110 416 1168 altum
430 1114 634 1186 promoveant.
667 1112 797 1169 eutatim
808 1112 880 1169 socii
893 1111 1005 1182 feriunt
1016 1127 1099 1169 mure
1114 1115 1140 1169 et
1153 1127 1281 1183 aequora
1292 1116 1344 1165 290

272 1203 409 1257 cermmt:
444 1199 654 1274 obsequentes,
682 1201 739 1272 ait,
767 1198 857 1258 iussis
885 1199 959 1258 meis
985 1202 1016 1258 et
1038 1198 1129 1258 saluti
1152 1200 1290 1274 propriae

272 1288 460 1347 consulentes
483 1288 618 1365 adgressi
640 1291 711 1348 sunt
732 1288 966 1366 navigationem.
1011 1287 1166 1366 subiungit
1193 1290 1290 1347 trans·

227 1397 256 1438 ro
271 1379 335 1435 itus
364 1378 411 1434 sui
436 1379 551 1436 textum
582 1377 748 1436 discurrens
780 1397 835 1453 per
865 1378 1033 1436 insularum
1063 1379 1199 1450 nomina,
1231 1396 1291 1435 non

273 1484 352 1540 quae
375 1468 557 1525 necessariae
580 1466 715 1541 fuissent,
734 1465 786 1525 sed
807 1468 843 1524 ut
865 1465 1034 1542 perveniret
1056 1465 1094 1524 ad
1115 1485 1181 1525 eam
1199 1484 1290 1540 quam

270 1573 378 1614 revera
400 1557 497 1613 tacere
520 1574 581 1614 non
604 1554 716 1614 debuit.
761 1555 817 1613 hoe
840 1555 905 1614 loco
929 1557 1020 1614 etiam
1042 1554 1118 1612 illud
1140 1556 1289 1629 reperien-

271 1644 346 1700 dum
379 1645 436 1717 est,
471 1647 592 1718 poetam
626 1663 686 1702 non
718 1643 919 1703 considerasse
956 1646 1089 1702 omnium
1123 1643 1289 1704 insulanum

271 1734 404 1807 nomina,
427 1752 464 1791 ne
486 1733 598 1792 faceret
621 1735 825 1792 narrationem
847 1734 941 1807 ipsius
960 1732 1193 1792 continuationis
1212 1733 1288 1792 vitio

228 1843 255 1882 is
271 1821 417 1880 odiosam.
461 1822 577 1882 inmisit
605 1824 685 1881 enim
711 1825 927 1880 commoratum
949 1822 1072 1880 Aenean
1095 1821 1174 1895 apud
1196 1822 1288 1897 Apol·

270 1911 366 1968 linem
402 1910 453 1968 diu
489 1911 656 1970 exhibuisse
689 1910 776 1970 ludos
808 1913 840 1968 et
872 1910 998 1969 Abantis
1030 1910 1160 1985 clipeum
1190 1910 1288 1970 fixisse

270 1999 409 2073 postibus
437 2000 555 2075 templi,
583 2001 741 2077 navigasse
768 2000 891 2072 iterum,
919 2002 954 2057 ut
980 2000 1187 2058 nominaturus
1213 1999 1288 2058 alias

270 2088 387 2148 insulas
419 2088 570 2163 quandam
600 2090 712 2148 faceret
743 2089 899 2148 relationis
930 2089 1104 2146 novitatem.
1149 2091 1289 2161 protinus

271 2180 372 2236 aerias
400 2178 567 2238 Phaeacum
594 2179 798 2238 abscondimus
826 2195 920 2246 crees,
951 2178 1007 2237 hoc
1039 2181 1085 2237 est
1112 2180 1288 2238 transimus:

228 2287 257 2327 co
271 2284 339 2325 eece
367 2268 546 2343 generalitas
573 2267 626 2326 ubi
653 2267 790 2343 specialis
819 2267 911 2327 dictio
938 2285 998 2326 non
1025 2268 1085 2325 fuit
1113 2269 1286 2327 necessaria.

270 2355 414 2428 litoraque
450 2356 539 2429 Epiri
580 2358 715 2430 lecimus,
755 2356 787 2415 id
824 2359 870 2415 est
905 2356 1075 2433 navigando
1115 2358 1287 2414 retinemus.

264 2447 413 2517 portuque
443 2446 575 2504 subimus
604 2444 733 2504 Oinonio
766 2448 792 2503 et
823 2446 929 2504 celsam
955 2445 1093 2503 Buthroti
1126 2446 1288 2503 accedimus

268 2535 387 2592 urbem:
409 2533 482 2592 haec
506 2537 551 2593 est
572 2537 695 2610 propter
718 2553 808 2608 quam
827 2534 993 2609 descriptae
1011 2537 1081 2592 sunt
1099 2536 1226 2606 ceterae3
1251 2533 1287 2591 de

268 2624 331 2681 ista
354 2623 434 2679 enim
457 2622 563 2681 habuit
586 2623 665 2698 quod
687 2622 821 2696 referret,
840 2623 919 2698 quod
942 2624 975 2680 in
998 2623 1065 2681 aliis
1088 2641 1149 2680 non
1171 2621 1286 2681 habuit.

226 2732 254 2773 as
339 2710 400 2769 Hic
421 2713 599 2771 incredibilis
621 2730 720 2772 rerum
743 2712 828 2783 fama
850 2715 971 2784 cmuput
992 2713 1085 2779 auris,
1105 2711 1277 2769 Priamiden
1288 2715 1340 2764 295

268 2798 419 2859 Helenum
434 2799 546 2859 Graias
563 2818 686 2874 require
698 2818 756 2874 ner
772 2802 856 2859 urbis
870 2802 1001 2871 coniuqio
1015 2795 1165 2858 Aeacidae
1178 2800 1287 2874 Pyrrhi

268 2891 594 2963 sceptrisquepotitum
623 2893 649 2948 et
669 2891 771 2963 patric
794 2889 1019 2948 Andromachen
1041 2890 1147 2948 iterum
1169 2890 1288 2948 cessisse

269 2980 393 3036 marito:
430 2977 468 3037 ed
494 2979 585 3052 huno,
617 2979 729 3053 inquit,
761 2981 883 3038 veniens
911 2978 1011 3037 locum
1038 2976 1178 3052 loquente
1205 2978 1287 3037 fama

268 3067 393 3141 percepi
420 3086 495 3141 quae
517 3066 632 3126 tamdiu
656 3087 715 3126 nou
738 3070 846 3143 putavi
868 3084 930 3126 esse
959 3066 1117 3140 credenda,
1145 3066 1288 3143 quamdiu

222 3179 253 3219 so
269 3156 344 3215 haec
377 3154 464 3213 rebus
496 3156 568 3232 ipsis
601 3159 632 3215 et
663 3159 735 3215 meis
767 3157 862 3215 oculis
894 3156 1130 3231 conprobassem.
1180 3156 1288 3230 incipit

344 3362 533 3414 iccnsecrari
549 3359 602 3412 LR
625 3377 694 3413 corr.
713 3360 756 3414 ed.
849 3365 864 3412 3
888 3367 938 3414 uut
955 3360 1007 3414 LR
1026 3360 1075 3413 edI
1097 3367 1129 3415 ut
1150 3378 1165 3412 r
1188 3360 1253 3412 edF.
1281 3359 1284 3431 1

267 3438 384 3502 reporta
401 3430 454 3483 LR
475 3438 558 3500 raptu
579 3448 594 3483 r
616 3439 746 3500 reparata
769 3431 813 3486 ed.
837 3438 954 3486 inrecta
978 3431 1012 3485 cf.
1033 3438 1062 3498 2,
1078 3435 1129 3484 396
1153 3446 1213 3484 nos.

270 3509 304 3556 10
325 3508 480 3558 contentum
498 3501 541 3555 ed.
602 3508 633 3556 11
653 3519 686 3557 ea
705 3519 787 3570 quam
805 3502 858 3555 LR
877 3519 945 3559 corr.
961 3503 1003 3556 ed.
1062 3508 1094 3555 12
1113 3501 1287 3570 repetendum

265 3576 314 3628 ed.
335 3573 409 3643 post.
468 3578 502 3626 20
520 3589 578 3627 ucu
595 3574 652 3639 fuit
670 3590 724 3628 om.
738 3574 764 3626 R
782 3573 847 3628 add.
867 3591 888 3626 r.
951 3580 984 3627 22
1000 3580 1148 3642 portusque
1166 3589 1187 3625 s.
1207 3573 1285 3625 ciac·

265 3648 337 3699 uius
355 3644 409 3697 th
423 3661 451 3712 p.
466 3661 487 3698 s.
501 3644 630 3699 ebaomos
646 3651 810 3713 rportuque
828 3661 849 3699 s.
866 3646 987 3699 Chaonio
1006 3644 1049 3697 ed.
1064 3647 1073 3713 11
1088 3645 1186 3698 butroti
1203 3642 1284 3709 ΜΗ

264 3717 423 3772 cecidimus
436 3715 489 3768 lili
506 3715 697 3770 abscondimus
714 3716 763 3769 cdl
780 3716 953 3770 ascendimus
971 3716 1037 3769 edF.
1094 3720 1129 3768 25
1148 3715 1212 3770 bine
1229 3714 1263 3770 R.
1280 3712 1284 3784 Ι

262 3793 398 3844 ocuurot
416 3786 468 3840 LR
486 3802 554 3840 corr.
574 3803 595 3841 r.
669 3791 702 3840 26
717 3788 813 3855 pirric
830 3804 882 3857 pro
902 3788 1007 3857 Pyrrhi
1022 3785 1053 3839 Ι..

326 3886 385 3925 Don.
399 3885 494 3934 interpr.
506 3885 575 3935 virg.
598 3885 644 3925 vol
657 3885 677 3925 L
1038 3878 1075 3929 ‘ib
