3250 4350
709 423 893 478 Aurunca
912 423 938 477 v
1268 420 1334 490 525
1396 408 1405 437 ·'

316 593 403 651 navis
431 591 556 666 ducunt,
583 594 667 652 venti
694 592 881 652 currentibus
908 591 1117 668 blandiuntur,
1146 593 1256 669 qnietis
1283 612 1334 670 pe-

315 680 424 739 tendae
452 683 570 757 tempus
599 683 657 755 est,
684 683 801 757 quiesce
828 673 985 758 paulisper
1012 686 1043 741 et
1061 683 1166 742 oculos
1188 686 1256 742 tuos
1279 682 1334 740 ali·

317 770 496 844 quantulum
519 770 672 830 laboribus
696 770 846 847 subtrahe,
869 789 913 845 ac,
931 789 969 829 ne
991 773 1092 847 partes
1115 774 1185 835 tuae
1208 771 1334 830 navibus

316 857 505 918 currentibus
537 860 732 937 denegentur,
764 878 819 938 ego
851 859 971 918 interim
1001 860 1099 920 officio
1127 860 1334 939 gubernatoris

287 947 445 1007 sintrabo.
491 948 563 1007 haec
591 948 667 1007 dixit
694 950 747 1025 qui
774 948 932 1023 suadebat,
960 949 1012 1009 sed
1039 949 1136 1008 latent
1159 968 1235 1024 quae
1258 949 1333 1009 dixi-

314 1055 382 1095 mus
411 1038 523 1112 opponi
551 1057 566 1096 e
593 1037 710 1096 diverso
737 1038 871 1113 potuisse
900 1056 1035 1113 quaeque
1062 1038 1248 1097 adseruimns
1270 1057 1334 1097 esse

315 1129 488 1201 praeventa.
530 1127 609 1184 idem
632 1126 712 1185 enim
734 1126 811 1185 dixit
833 1128 934 1186 ferunt
955 1128 1023 1202 ipsa
1045 1145 1177 1203 aequora
1199 1127 1333 1202 classem,

316 1218 464 1290 aequatae
488 1215 643 1291 adspirant
665 1234 769 1290 aurae,
792 1235 830 1274 ne
852 1214 1012 1274 Palinurus
1036 1216 1160 1290 diceret,
1187 1216 1267 1291 quod
1288 1218 1333 1274 in·

315 1305 409 1362 forins
436 1304 526 1377 dixit,
553 1324 636 1363 mare
658 1323 781 1364 saevum
805 1306 851 1364 ast
873 1307 904 1363 et
926 1304 1064 1380 infidum,
1086 1305 1242 1380 inportuni
1264 1308 1334 1364 sunt

270 1413 302 1453 ro
315 1392 415 1466 flatus,
438 1394 606 1468 relinquere
629 1413 689 1452 non
711 1412 834 1470 possum
856 1393 989 1453 officium
1012 1393 1148 1453 omnibus
1168 1412 1284 1469 semper
1301 1395 1333 1451 in
1383 1451 1389 1463 ,

315 1482 373 1539 hac
396 1481 476 1541 unda
499 1485 652 1557 suspectis.
693 1482 782 1542 datur
799 1483 874 1542 hora
892 1483 1001 1558 quieti:
1024 1483 1163 1552 dissoluti
1186 1486 1231 1542 est
1254 1483 1333 1541 enim

315 1571 446 1628 dormire
475 1574 544 1630 ante
566 1573 684 1648 tempus
707 1574 750 1646 et,
779 1573 851 1648 quia
874 1590 937 1630 esse
962 1572 995 1630 id
1016 1573 1117 1648 ipsum
1139 1575 1258 1648 tempus
1281 1572 1333 1631 ad*

315 1660 484 1734 serebatur,
511 1662 612 1736 posset
640 1660 699 1721 dici
721 1680 781 1719 non
805 1679 868 1720 esse
891 1660 1098 1719 dormiendum
1121 1664 1244 1738 propter
1266 1681 1333 1736 pcr-

314 1748 418 1807 fidiam
439 1751 531 1807 maris
552 1752 582 1808 et
599 1750 801 1827 navigationis
819 1751 974 1808 incertum.
1012 1769 1099 1825 pone,
1116 1751 1225 1826 inquit,
1237 1753 1334 1827 >caput

270 1859 300 1899 ic
314 1838 467 1912 fessosque
495 1839 595 1897 oculos
623 1839 723 1897 furare
750 1838 861 1911 labori,
888 1840 951 1911 ipse
978 1856 1027 1912 epo
1048 1839 1205 1912 paulisper
1226 1856 1285 1913 pro
1308 1843 1334 1897 te

315 1930 369 1985 tac
392 1945 515 1986 maerere
537 1928 632 1986 inibo:
653 1927 727 1986 bene
749 1927 827 1985 dixit
848 1927 957 2001 furare,
980 1928 1015 1985 ut
1039 1927 1257 2002 quodammodo
1280 1946 1334 1987 nec

315 2017 383 2091 ipsa
405 2018 502 2074 maria
525 2017 635 2075 scirent
656 2015 834 2074 Palinurum
857 2015 1013 2090 quievisse.
1057 2015 1166 2075 modici
1189 2018 1333 2092 temporis

316 2105 344 2163 ei
371 2107 504 2181 requiem
533 2104 689 2182 suadebat,
722 2108 756 2163 nt
786 2103 920 2164 obtinere
951 2105 1113 2181 potuisset,
1145 2106 1217 2181 quia
1249 2105 1333 2164 brevi

316 2196 416 2269 spatio
438 2194 566 2254 insidiae
590 2195 723 2270 conpleri
744 2196 916 2270 potuenmt,
939 2214 999 2270 qua
1021 2213 1111 2255 causa
1133 2189 1250 2253 addidit
1268 2196 1333 2271 ipse

270 2304 301 2345 ro
317 2302 372 2361 ego
400 2303 455 2359 pro
482 2287 512 2342 te
539 2284 687 2361 vigilabo,
710 2302 766 2362 ego
788 2283 949 2358 suscipiam
972 2283 1104 2343 officinm
1126 2286 1220 2342 tuum.
1266 2300 1333 2343 ecoe

316 2392 351 2430 ex
380 2373 493 2432 duobus
520 2374 688 2449 persuasio,
716 2373 752 2431 de
774 2372 923 2432 brevitate
946 2374 1088 2449 temporis
1112 2373 1201 2432 etde
1225 2372 1333 2432 securi-

315 2464 379 2519 tate
407 2464 553 2536 promissa
581 2462 815 2540 gubernationis.
863 2464 911 2521 cuc'
937 2464 987 2521 cic
1014 2462 1146 2520 cauas
1170 2463 1334 2521 Pelbueras

316 2552 430 2609 lemica
452 2553 549 2622 fatur:
581 2552 631 2609 vir
655 2551 804 2625 attollens,
828 2553 900 2627 quia
922 2551 1115 2627 premebatur
1136 2552 1198 2609 iarn
1220 2550 1332 2610 virtute

316 2640 451 2716 potioris.
484 2657 574 2699 -ocerce
596 2642 670 2699 salis
686 2641 801 2714 placidi
819 2640 931 2699 multem
948 2642 1109 2713 {ludusque
1127 2642 1236 2713 quietos
1253 2642 1333 2713 ipae·

272 2747 301 2789 aa
315 2745 386 2788 rare
407 2730 509 2787 trabes?
531 2747 611 2787 meve
632 2730 700 2787 baie
722 2730 867 2801 confidere
887 2730 1035 2787 monstro?
1064 2727 1189 2787 Aeacon
1206 2730 1385 2788 crwamsoo

315 2814 420 2893 [maid
452 2821 529 2876 enirn
559 2819 699 2891 fallaciae
731 2820 842 2877 austris
869 2822 896 2876 et
922 2817 1034 2892 ceclo?)
1066 2809 1168 2877 totiens
1199 2818 1333 2891 deceptus

315 2908 424 2980 fraude
446 2905 593 2983 sereret?].·
615 2910 713 2982 putas,
736 2906 845 2982 inquit,
868 2926 915 2965 me
937 2909 1050 2965 nescire
1073 2906 1146 2982 quid
1169 2909 1279 2985 agatur
1299 2907 1332 2966 in

389 3100 405 3147 4
428 3094 520 3161 officio
538 3093 590 3147 LR
614 3094 688 3147 -c‘ar
711 3095 780 3147 -a'um
799 3093 852 3160 ed,
876 3093 926 3147 sed
949 3093 1090 3148 ablativus
1111 3110 1172 3148 esse
1194 3095 1295 3163 potest.

316 3173 333 3219 ὁ
357 3165 467 3218 intrabo
490 3164 542 3218 th
564 3165 659 3219 reboo
683 3165 725 3218 ed.
836 3171 851 3218 7
875 3166 947 3219 idem
969 3165 1022 3218 ΕΒ
1043 3166 1075 3219 id
1098 3166 1141 3220 ed.
1251 3170 1283 3218 12
1309 3172 1333 3220 et

314 3237 385 3305 quia
399 3268 432 3275 -
448 3242 552 3305 tempas
575 3253 628 3289 orn.
648 3235 673 3289 R
696 3236 788 3305 suppl.
807 3236 838 3289 in
857 3253 945 3306 marg.
965 3255 979 3290 r
993 3264 1027 3282 =
1041 3237 1063 3290 L
1086 3239 1177 3305 ipsam
1196 3253 1250 3290 om.
1265 3236 1332 3290 edF.

373 3313 405 3360 14
424 3309 557 3361 incertum
575 3307 628 3359 LR
646 3308 868 3362 iracec'titudr‘mm
886 3307 929 3361 ed.
1017 3313 1050 3361 1o
1068 3308 1165 3374 feceri
1181 3307 1207 3360 a
1225 3325 1265 3362 -re
1283 3324 1304 3360 r.
1326 3308 1331 3376 Ι

315 3395 379 3448 erpo
398 3377 449 3431 th
469 3395 515 3449 epo
534 3396 554 3431 r.
586 3381 590 3447 Ι
621 3383 714 3446 perte
733 3378 776 3432 ed.
795 3380 869 3447 post.
952 3384 984 3431 17
1022 3379 1134 3433 amicae
1152 3377 1205 3431 th
1219 3385 1334 3447 propter

314 3450 438 3520 spatium
461 3449 591 3519 interpol.
612 3449 654 3502 ed.
690 3451 694 3520 l
727 3450 840 3504 modicit
861 3448 914 3502 th
936 3456 947 3504 t
969 3396 1023 3503 ded.
1043 3468 1064 3503 r.
1100 3453 1103 3519 Ι
1137 3451 1279 3519 etcmporc'a
1301 3449 1331 3502 L.

373 3525 406 3573 18
434 3527 459 3575 et
486 3522 605 3591 requiem
628 3520 680 3573 th
702 3520 745 3574 ed.
774 3525 801 3574 ct
827 3536 888 3590 exp.
911 3538 926 3573 r
952 3522 978 3575 ea'
1002 3537 1060 3574 nos.
1095 3523 1100 3589 Ι
1132 3522 1285 3574 audebant
1305 3520 1332 3572 R

314 3611 336 3646 a
361 3591 415 3645 del.
434 3609 455 3645 r.
565 3596 599 3644 25
622 3608 694 3647 rncoe
717 3593 781 3647 bute
801 3591 853 3644 LR
877 3608 950 3646 mene
972 3592 997 3645 b.
1017 3592 1060 3646 ed.
1080 3593 1110 3645 et
1128 3590 1211 3661 Verg.
1224 3590 1305 3644 libri.
1319 3591 1329 3661 Ἰ

315 3664 432 3717 neem
449 3664 559 3718 credam
577 3679 630 3717 om.
650 3662 693 3717 ed.
793 3668 828 3716 2ss
847 3663 915 3731 qaid
929 3694 962 3703 —
978 3667 1012 3715 27
1030 3665 1119 3717 sereni
1129 3662 1245 3728 addidi,
1264 3661 1332 3729 qnia

315 3734 388 3788 Don.
413 3734 510 3788 statim
533 3750 643 3789 versum
661 3739 712 3788 851
742 3735 848 3787 tractat
876 3733 920 3794 (ct
941 3740 965 3800 1,
980 3736 1033 3803 25).
1093 3768 1096 3773 -
1142 3738 1177 3787 ao
1199 3733 1333 3800 faladus

315 3806 422 3860 ausim
440 3805 540 3875 scripsi
559 3806 713 3859 secundum
731 3804 995 3873 interpretationem
1014 3822 1037 3857 v.
1057 3803 1139 3858 infra.
1223 3838 1229 3850 -
