3250 4350
652 424 835 481 AENEIDOS
853 426 892 480 VI
1217 423 1285 490 δῖ’(
1307 443 1309 447 ’

262 596 356 670 quasi
384 594 499 654 violata
530 593 716 653 matrimonii
746 595 891 653 sanctitas
921 595 1160 654 emendationem
1176 590 1285 654 'ullam

264 687 368 760 posset
392 684 557 742 admittere.
602 683 698 741 fertur
724 685 803 741 enim
830 701 898 742 cum
921 702 1065 744 consensu
1086 686 1208 759 proprio
1232 703 1286 759 per

263 772 481 849 imaginarium
510 776 632 848 raptum
661 790 728 830 eam
760 788 828 830 oum
859 771 967 831 Paride
1002 772 1041 832 ad
1070 773 1192 831 Troiam
1219 791 1285 848 per·
1328 807 1332 813 ·

267 863 393 920 venisse.
439 861 566 935 denique
593 860 628 919 fit
655 861 742 919 huius
771 859 817 918 rei
844 863 876 920 et
901 863 934 920 in
960 863 1058 937 primo
1087 861 1165 920 libro
1189 853 1284 942 (647)

229 973 246 1014 a
267 951 512 1009 commemoratio
530 950 586 1008 hoo
600 948 697 1009 modo
719 967 863 1023 ,munera
884 953 1040 1026 praeterea
1057 950 1159 1009 Iliacis
1183 952 1285 1026 erepta

266 1040 367 1097 ruinis
398 1039 476 1098 ferre
507 1037 603 1112 iubet,
639 1038 754 1114 pallam
786 1039 881 1116 signis
913 1057 1044 1114 auroque
1076 1039 1231 1117 rigentem·
1254 1041 1286 1098 et

265 1130 496 1186 circumtextum
525 1145 627 1186 croceo
657 1127 794 1186 velamen
824 1127 965 1202 acantho,
998 1131 1121 1187 ornatus
1153 1128 1285 1204 Argivae

264 1216 413 1291 Helenae,
437 1234 510 1290 quos
532 1215 587 1274 illa
610 1215 756 1292 Mycenis,
779 1217 927 1294 Pergama
949 1235 1018 1275 oum
1045 1220 1162 1292 peteret
1184 1216 1286 1276 incon·

264 1323 424 1381 cessosque
454 1304 647 1380 hymenaeos,
680 1305 841 1380 extulerat,
878 1307 985 1366 matris
1018 1304 1116 1365 Ledae
1148 1305 1286 1365 mirabile

218 1417 248 1458 ιο
266 1392 407 1468 donum“,
429 1412 505 1470 quae
528 1395 634 1468 utique
657 1412 717 1453 non
735 1394 835 1470 ferret,
858 1396 918 1454 nisi
937 1394 1115 1471 dispositum
1133 1394 1287 1454 habuisset

267 1483 446 1541 abscessum.
501 1481 582 1558 qnod
612 1482 712 1558 ipsum
743 1483 836 1542 etiam
867 1485 911 1544 sic
940 1483 1092 1562 Vergilius
1125 1485 1286 1543 monstrat:

265 1571 428 1648 Pergamo,
450 1571 563 1646 inquit,
585 1589 654 1629 cum
676 1574 793 1647 peteret
819 1574 1066 1649 inconcessosque
1092 1573 1287 1649 hymenaeos3

265 1661 384 1736 peteret
406 1660 491 1734 dixit,
514 1679 574 1719 non
596 1662 633 1718 ut
654 1680 708 1735 per
730 1663 852 1737 raptum
875 1662 1067 1737 abstractam,
1090 1661 1142 1722 sed
1164 1666 1199 1719 ut
1218 1679 1286 1721 oon·

267 1768 358 1809 sensu
380 1750 501 1825 proprio
524 1750 658 1807 iunctam
681 1767 744 1808 esse
766 1753 955 1811 monstraret.
1001 1755 1117 1827 peteret
1139 1751 1185 1809 bis
1210 1752 1285 1810 occi·

218 1862 249 1906 15
265 1838 410 1914 piendum
440 1840 499 1911 est,
528 1838 600 1896 licet
629 1838 719 1897 semel
748 1839 881 1915 positum
908 1839 1054 1898 videatur.
1100 1842 1165 1917 ipso
1195 1840 1286 1899 verbo

268 1928 431 1986 Sallustius
453 1945 524 1985 usus
548 1929 605 2002 est,
633 1945 701 1986 cum
728 1927 840 1987 diceret
868 1920 947 2009 (Oai.
968 1930 1019 2002 25,
1039 1921 1074 2008 3)
1102 1928 1213 2002 „libido
1239 1946 1287 1986 ao·

267 2035 357 2075 censa
380 2017 431 2090 sic,
454 2018 489 2074 ut
511 2015 630 2092 saepius
652 2019 768 2091 peteret
788 2018 868 2076 viros
892 2036 982 2092 quam
1004 2015 1182 2093 poteretur“.
1228 2017 1285 2076 hoo

267 2124 377 2183 genere
400 2107 431 2164 et
452 2104 501 2164 hic
523 2105 756 2182 intellegendum
779 2108 826 2166 est
844 2106 990 2184 Pergama
1012 2124 1080 2163 cum
1102 2107 1218 2182 peteret
1240 2105 1285 2162 in-

268 2212 481 2271 concessosque
503 2195 684 2270 hymenaeos
707 2198 835 2270 peteret,
861 2200 897 2253 ut
924 2197 987 2255 sine
1015 2196 1118 2270 aliqua
1140 2196 1286 2254 violentia

219 2308 252 2349 so
270 2284 310 2344 ad
336 2282 474 2343 Paridem
502 2284 549 2344 vel
578 2283 616 2343 ad
644 2284 766 2342 Troiam
788 2285 905 2344 venisse
932 2286 1081 2344 noscatur.
1127 2284 1182 2343 hoo
1205 2285 1286 2341 enim

268 2373 337 2431 vult
360 2371 477 2431 firmare
495 2373 647 2449 Vergilius
671 2391 707 2430 ex
728 2391 857 2447 persona
879 2372 1037 2448 Deiphobi,
1061 2374 1176 2431 nullam
1198 2371 1286 2430 fidem

269 2462 358 2522 illam
381 2480 499 2520 servare
522 2463 612 2521 tertio
635 2462 745 2520 marito
767 2463 910 2538 potuisse,
935 2462 1005 2537 quia
1028 2481 1081 2521 neo
1101 2463 1198 2535 primo
1222 2480 1288 2519 eam

269 2552 368 2610 valuit
400 2549 549 2624 exhibere,
584 2556 618 2608 ut
649 2550 790 2626 probaret
823 2551 902 2626 quod
935 2569 1025 2627 supra
1060 2550 1136 2608 dixit
1167 2551 1289 2626 egregia

270 2643 386 2698 intereo
410 2640 550 2712 coniunx,
580 2638 723 2715 quoniam
752 2645 947 2700 consueverat
976 2639 1099 2699 maritos
1130 2638 1236 2697 fallere
1260 2640 1290 2696 et

223 2751 254 2794 25
272 2728 405 2788 fallendo
433 2728 576 2802 decipere.
622 2728 693 2801 qaia
714 2729 833 2787 oneror?
864 2730 1039 2802 iarmnproat
1064 2727 1206 2795 thalamo,
1234 2727 1290 2786 hoc

272 2820 319 2876 est
338 2835 404 2875 oum
418 2816 563 2875 violentia
580 2817 714 2891 inruunt,
733 2821 866 2877 ceterum
884 2818 907 2877 si
923 2818 969 2877 vis
983 2836 1043 2877 non
1057 2820 1143 2890 esset,
1157 2816 1289 2895 ingredi-

271 2908 365 2964 untur
393 2905 493 2963 fuerat
520 2904 687 2965 dicendum.
730 2906 967 2981 intellegendum
995 2909 1041 2964 est
1071 2907 1162 2965 etiam
1191 2906 1290 2979 ipsam

273 3013 342 3053 oum
368 2995 442 3069 ipsis
469 2993 574 3068 fuisse,
602 2996 745 3068 quoniam
774 2994 947 3054 nesciebant
973 2994 1026 3052 uhi
1048 2994 1220 3069 Deiphobus
1244 3013 1290 3052 re-

273 3082 441 3158 quiesceret
463 3100 498 3141 ao
521 3083 585 3142 sola
608 3101 683 3142 uxor
705 3085 825 3158 poterat
843 3100 938 3143 nosse.
979 3100 1072 3143 omnes
1089 3083 1211 3141 additur
1228 3100 1291 3140 aaa

223 3196 256 3239 ω
271 3174 404 3230 hortator
425 3171 563 3231 saetarum
585 3170 736 3230 Arabiates:
763 3191 838 3231 uxor
864 3173 994 3247 pessima
1017 3176 1047 3231 et
1069 3173 1195 3231 maritus
1211 3190 1291 3246 ⁴pro·

348 3384 361 3430 1
382 3379 468 3431 allam
485 3376 510 3430 V
529 3378 608 3431 illam
630 3377 673 3432 ed.
767 3383 782 3431 6
803 3377 901 3446 palam
919 3376 952 3431 V.
1045 3383 1075 3429 11
1096 3378 1247 3431 abscessum
1265 3374 1291 3427 V

272 3451 421 3504 diseesarun
439 3448 482 3502 ed.
508 3451 512 3518 Ι
539 3450 622 3503 etiam
640 3448 666 3503 V
684 3454 709 3504 et
727 3449 770 3504 ed.
845 3454 877 3503 12
897 3449 1065 3503 inconcessas
1083 3446 1108 3500 V
1126 3464 1195 3501 corr.
1210 3446 1253 3500 od.
1291 3488 1293 3490 .

273 3526 308 3575 22
327 3525 447 3576 sanaret
464 3518 490 3573 V
507 3536 615 3575 servare
633 3521 677 3574 ed.
697 3535 734 3574 an
752 3536 860 3575 macore
878 3526 920 3574 et?
993 3525 1028 3572 24
1046 3520 1159 3573 maritos
1178 3518 1203 3569 V
1222 3525 1291 3571 -tum

273 3592 317 3646 ed.
410 3595 443 3644 26
466 3608 557 3647 ntoror
579 3608 640 3647 eam
663 3593 829 3662 irumptmt
850 3590 876 3644 V
899 3608 961 3645 eum
984 3606 1018 3643 ex
1040 3590 1156 3659 interpr.
1177 3588 1292 3659 irrepsit

272 3662 391 3718 librario
410 3662 448 3718 ad
465 3680 525 3718 ctam
544 3663 676 3718 abbatia
693 3665 813 3718 inruant
831 3662 987 3718 aberrante.
1014 3664 1019 3730 Ι
1043 3662 1144 3715 talama
1163 3659 1295 3727 sequenti

273 3733 404 3790 lemmati
426 3733 557 3803 praefixit
574 3733 600 3788 V
618 3734 674 3788 huo
697 3734 850 3789 revocarit·
862 3734 923 3801 ed„
942 3732 999 3787 ubi
1021 3732 1116 3785 stiam
1130 3732 1315 3792 'interpreta-

272 3807 352 3860 tione
366 3804 507 3873 postuiari
528 3804 645 3864 ridetur.
714 3812 758 3877 Ι26
777 3808 905 3864 insumat
919 3805 947 3861 V
970 3806 1144 3871 irrumpam
1161 3796 1214 3848 ὠ-

317 3902 374 3940 Don.
390 3902 487 3949 interpr.
504 3903 573 3954 Vorg.
596 3906 674 3949 vol.1.
1083 3893 1122 3939 ’Μ
