3250 4350
348 404 389 472 72
625 406 765 462 DONATI
783 407 952 461 INTERPPc.
971 405 1078 462 VERG.

346 577 482 652 simulat,
514 581 551 636 ut
581 576 633 635 ille
665 595 716 652 spe
748 577 868 635 futurae
899 575 1056 635 brevitatis
1085 578 1193 635 cuncta
1221 573 1357 635 attentius

346 666 473 725 audiret.
509 667 577 724 huic
600 668 727 725 contuere
749 665 896 740 Sychaeus
920 669 990 733 erut,
1010 665 1171 724 ditissimus
1192 667 1260 739 apri
1277 664 1358 723 Phoe

290 761 344 810 ³45
356 757 457 815 atrurn
480 760 507 814 et
528 771 635 829 meque
653 756 778 814 miserae
797 756 917 813 dilectus
936 771 1042 822 amore,
1062 755 1110 813 eut
1122 759 1210 828 poter
1227 755 1360 813 maetam

347 844 467 904 dederat
484 845 649 918 primisque
670 845 791 917 teporat
813 844 972 902 matathia:
1000 843 1080 918 apud
1102 843 1267 903 Phoenices
1290 842 1360 918 opti·

344 953 436 1008 mum,
459 933 568 1010 inquit,
592 936 622 991 et
646 933 849 1007 copiosissime
872 932 1073 1008 possidentem
1095 933 1237 991 maritum
1261 931 1389 990 habuits

347 1021 523 1099 Sychaeum.
570 1020 676 1080 dehinc
700 1023 810 1080 amoris
834 1022 912 1080 inter
936 1023 1075 1099 coniuges
1097 1013 1239 1081 honestas
1262 1021 1364 1096 inserit

346 1130 460 1171 causas.
508 1111 639 1184 amabat,
662 1110 771 1185 inquit,
793 1111 945 1169 hominem
969 1114 1072 1170 secuta
1098 1111 1245 1170 iudicium
1272 1111 1364 1186 patris

346 1204 377 1260 et
404 1200 529 1260 divitem
557 1202 588 1258 et
615 1200 744 1275 probum
772 1202 802 1259 et
830 1219 898 1258 eum
926 1200 974 1259 cui
1006 1202 1123 1260 intacta
1154 1192 1308 1276 nupsisset
1338 1201 1365 1258 et
1410 1254 1411 1271 ξ

345 1291 452 1366 primis
485 1288 627 1364 auspiciis
659 1290 793 1347 iunctam
826 1307 889 1348 esse
921 1291 1080 1349 constaret.
1126 1289 1258 1347 multum
1289 1290 1365 1347 enim
1410 1338 1411 1344 ,

346 1379 446 1438 differt
475 1380 555 1436 inter
587 1378 736 1437 adfectum
768 1378 963 1456 virginalium
995 1377 1169 1454 nuptiarum
1200 1381 1233 1438 et
1265 1393 1394 1436 earumu

346 1486 425 1543 quae
448 1466 578 1527 secunda
601 1466 808 1526 coniunctione
830 1469 998 1527 nectuntur.
1034 1468 1198 1543 plurimum
1215 1485 1288 1526 vero
1307 1485 1365 1524 me·

345 1556 399 1615 riti
421 1556 535 1614 hahent
558 1574 632 1630 quas
655 1556 787 1615 intactae
810 1556 891 1614 filiae
915 1556 1041 1615 arbitrio
1064 1575 1118 1615 suo
1136 1555 1255 1631 perficit
1272 1559 1366 1631 pater.

346 1644 458 1705 idcirco
481 1646 575 1722 igitur
598 1647 700 1720 posuit
723 1648 754 1704 et
771 1663 881 1722 magno
900 1644 1026 1704 miserae
1044 1645 1172 1704 dilectus
1190 1664 1302 1720 amore,
1322 1645 1367 1704 oui

347 1737 434 1810 pater
461 1735 607 1793 intactam
636 1734 760 1792 dederat
786 1734 950 1809 primisque
977 1736 1098 1812 iugarat
1126 1734 1286 1809 ominibus,
1313 1735 1367 1793 hoo

348 1826 393 1882 est
416 1824 508 1881 nullis
536 1821 617 1896 aliis,
646 1822 696 1881 sed
725 1823 804 1882 solis.
851 1823 973 1883 transiit
996 1823 1034 1882 ad
1056 1841 1216 1898 personam
1239 1823 1397 1901 Pygma-a

347 1913 451 1985 lionis,
483 1914 519 1970 ut
552 1911 589 1969 ad
620 1913 718 1987 ipsam
747 1911 937 1970 descenderet
963 1930 1085 1971 causam
1115 1930 1192 1987 quae
1219 1911 1368 1971 Didonem

348 2003 478 2077 propriis
501 1999 621 2060 sedibus
644 2002 788 2059 truserat:
816 2000 869 2059 sed
890 2019 983 2074 reque
1007 2002 1081 2075 Tyri
1100 2018 1262 2074 ammanus
1284 2002 1368 2060 hahe-

349 2091 398 2149 tat
421 2090 603 2164 Pygmalion.
645 2090 727 2166 Tyri,
750 2090 859 2165 inquit,
881 2090 1003 2149 tenebat
1025 2091 1187 2165 imperium
1204 2090 1302 2150 frater
1320 2089 1369 2149 Di-

350 2178 435 2237 donis
458 2178 645 2255 Pygmalion.
693 2180 790 2254 qualis
818 2180 875 2238 iste
901 2180 949 2239 vel
978 2199 1105 2255 quorum
1132 2199 1251 2239 morum
1278 2181 1369 2239 fuerit

350 2271 565 2343 consequenter
588 2268 731 2341 ostendit,
755 2270 872 2327 scelere.
896 2270 1008 2343 inquit,
1032 2274 1100 2328 cute
1122 2270 1197 2327 altos
1220 2272 1401 2328 inmantare

349 2360 443 2416 curuis
467 2373 537 2428 quos
560 2358 635 2415 iuter
658 2358 771 2416 aredius
794 2360 873 2415 «acuit
894 2361 988 2431 furor.
1025 2359 1081 2416 hoc
1104 2359 1170 2417 loco
1194 2360 1238 2417 sic
1262 2361 1309 2417 est
1327 2377 1369 2416 re·

349 2447 473 2505 tineuda
496 2448 716 2521 pronuntiatio,
742 2467 778 2505 ne
802 2449 845 2505 sic
867 2448 1092 2523 intellegamus,
1119 2450 1156 2505 ut
1178 2446 1371 2523 Pygmalioni

349 2538 381 2594 in
414 2535 523 2594 scelere
556 2536 712 2594 commisso
745 2536 876 2594 defensio
913 2536 1101 2610 relinquatur
1136 2556 1190 2610 per
1222 2537 1370 2595 venialem

351 2626 472 2682 statum.
519 2625 561 2682 sic
592 2624 670 2680 enim
697 2625 821 2699 plurimi
848 2625 1042 2701 inprudentes
1069 2625 1191 2698 volunt,
1223 2627 1260 2684 ut
1287 2626 1371 2684 furor

350 2713 466 2771 medius
490 2714 569 2770 inter
594 2712 761 2787 Sychaeum
785 2717 815 2771 et
838 2712 1065 2792 Pygmalionem
1088 2714 1212 2772 venerit.
1259 2714 1317 2774 hoo
1346 2715 1371 2772 si
1382 2732 1403 2772 a

350 2804 395 2859 ita
419 2804 472 2873 est,
496 2801 615 2859 defendi
637 2805 737 2876 potest
755 2801 961 2878 Pygmalionis
984 2802 1106 2877 factum,
1131 2802 1156 2860 si
1179 2821 1241 2861 non
1264 2805 1369 2862 volun·

350 2892 428 2965 tate,
456 2889 507 2947 sed
535 2891 633 2947 furore
657 2892 805 2965 peccavit,
834 2894 864 2948 et
886 2891 1038 2950 videbitur
1062 2890 1217 2966 Sychaeus
1241 2891 1371 2971 Pygma·

351 2980 461 3036 lionem
484 2980 632 3036 furentem
655 2979 787 3055 potuisse
809 2982 954 3054 perimere
978 3000 1012 3039 ac
1036 2999 1089 3055 per
1107 2981 1163 3038 hoc
1182 2980 1256 3038 fient
1274 3000 1371 3058 pares.

425 3154 440 3199 2
456 3147 587 3201 Sichoeus
596 3147 648 3199 th
657 3147 732 3201 infra
742 3149 879 3219 Sychaeus
889 3149 954 3203 aliis
963 3149 1033 3203 locis
1044 3149 1170 3219 Syeheus.
1225 3157 1241 3204 4
1255 3152 1372 3205 homim-

353 3221 403 3272 bas
416 3218 469 3271 th
483 3235 550 3272 corr.
562 3237 582 3271 r.
601 3220 605 3286 Ι
621 3221 719 3287 optime
729 3219 781 3271 th
790 3220 833 3273 ed.
844 3222 977 3289 optimum
990 3237 1041 3274 nos
1056 3220 1101 3290 (cf.
1112 3219 1188 3275 infra
1198 3224 1338 3291 probum).

354 3295 369 3343 9
385 3291 508 3343 turcotam
518 3289 627 3342 thedl
642 3292 737 3343 iurata
751 3291 817 3345 edF.
870 3298 903 3344 14
917 3292 1169 3346 cmiarhasomed.
1223 3299 1257 3346 15
1271 3296 1374 3348 ιναπείτ

353 3361 395 3414 ed.
463 3367 495 3413 16
515 3362 684 3415 descenderet
702 3361 754 3413 th
772 3364 925 3429 procederet
943 3363 987 3416 ed.
1055 3368 1088 3416 18
1106 3367 1172 3431 post
1190 3363 1297 3418 lemma
1316 3365 1372 3418 edF

352 3432 423 3485 haec
443 3431 625 3501 interpolavit
644 3449 716 3499 quac
735 3448 826 3500 neque
846 3433 897 3485 LR
921 3450 1011 3501 neque
1030 3433 1085 3489 ΗΟ
1105 3435 1154 3487 cdl
1172 3435 1293 3490 habent:
1324 3453 1374 3503 „ex

354 3520 409 3571 quo
429 3502 605 3572 intellegitur
623 3503 757 3558 habuisse
776 3521 855 3572 spem
873 3505 997 3558 faciendi
1016 3508 1046 3558 et
1068 3505 1177 3559 factum
1201 3506 1373 3561 defendendi

354 3575 422 3642 qnia
440 3580 515 3628 rex“.
599 3580 633 3627 20
652 3577 716 3643 post
734 3577 851 3629 ostendit
870 3577 940 3630 haec
959 3576 1046 3629 habet
1065 3578 1108 3631 ed.
1129 3594 1203 3645 quae
1222 3579 1327 3632 desunt
1345 3579 1373 3631 in

354 3644 480 3699 LRHO:
502 3663 669 3715 „germanus
688 3646 813 3700 habebat
831 3646 1024 3715 Pygmalion“.
1081 3655 1114 3700 ‘21
1135 3652 1202 3717 post
1215 3652 1306 3704 omnis
1319 3666 1374 3703 non

343 3715 471 3780 drstinn',
488 3718 559 3785 quia
573 3719 718 3790 interpres
738 3736 805 3789 quos
815 3752 848 3758 —
860 3720 938 3787 tumr
953 3736 1018 3772 cum
1030 3722 1118 3773 otuuis
1133 3720 1269 3792 coniungi
1283 3722 1351 3775 vult.
1368 3722 1371 3791 Ι

327 3786 438 3840 medies
455 3788 519 3857 LH,
541 3793 594 3847 sed
616 3793 640 3848 L
661 3811 676 3849 o
698 3795 848 3865 expuncta
867 3811 889 3847 u
907 3807 1047 3861 superesi.
