3250 4350
700 389 884 494 nnnamos
903 390 942 444 vr
1268 391 1332 457 551

312 560 444 618 harena:
466 559 542 618 alios
565 559 653 637 longe
677 560 829 619 submotos
853 559 951 636 ipsam
977 561 1121 619 harenam
1144 561 1242 620 litoris
1265 579 1334 620 con·

312 649 431 725 tingere
455 667 514 706 non
539 648 663 707 sinebat.

382 735 499 796 Aeneas
516 739 642 796 miratus
661 739 737 796 enim
755 741 905 810 metnsqne
922 739 1049 796 tnrnntta
1062 737 1118 806 atie,
1138 741 1188 806 ait,
1212 740 1334 812 ecirye,

316 827 388 899 qaid
410 828 473 885 enit
494 836 652 886 eeamnsns
670 827 710 885 ad
729 826 866 885 anmem?
888 826 994 900 quidne
1006 830 1112 901 petam
1129 827 1267 886 animae?
1288 828 1335 886 eei

283 933 372 988 sqao
396 916 563 975 discrimine
585 917 669 989 ripen
691 916 746 974 bae
769 915 914 988 immam,
936 917 1006 975 ittae
1028 918 1117 975 remis
1134 916 1214 976 eada
1232 917 1389 975 limitatae
1416 911 1418 919 ’

315 1004 457 1063 verrant?
474 1005 548 1063 haec
560 1005 757 1082 interrogatio
771 1004 986 1080 propositionis
999 1007 1110 1064 retinet
1118 1006 1223 1079 ricem,
1242 1024 1334 1080 quon-

316 1094 379 1152 iam
397 1093 436 1151 ad
454 1093 554 1152 omnia
573 1092 691 1169 Sibylla
713 1110 893 1168 responsura
912 1096 966 1151 est.
1001 1093 1075 1152 haec
1092 1095 1160 1170 ipsa
1182 1094 1335 1169 tripertita

317 1184 375 1256 est3
405 1183 533 1257 quaesiit
561 1183 672 1258 quippe
704 1202 757 1242 cnr
783 1184 886 1241 tantus
915 1182 1082 1242 animarum
1110 1200 1268 1242 concursus
1297 1181 1336 1241 ad
1418 1230 1420 1235 .

317 1290 436 1330 amnem
458 1270 543 1330 fieret
564 1271 614 1330 vel
637 1272 709 1346 quid
732 1273 816 1348 ipsae
835 1272 953 1329 animae
972 1270 1174 1331 desiderarent
1191 1270 1240 1330 vel
1258 1290 1334 1347 quae

273 1382 302 1422 ro
317 1363 395 1419 esset
413 1362 493 1418 inter
509 1359 578 1418 illas
596 1359 750 1435 distantia,
773 1363 809 1418 ut
827 1360 905 1420 aliae
923 1361 1046 1438 fugatae
1060 1361 1231 1436 linquerent
1244 1362 1335 1435 ripas,

317 1449 394 1507 aliae
423 1449 562 1507 navicula
590 1451 831 1508 transmitterent
858 1467 908 1508 eas
936 1451 967 1508 et
996 1449 1035 1508 ad
1061 1449 1206 1509 ulteriora
1233 1451 1333 1524 porta·

316 1540 429 1596 rentur.
475 1539 525 1597 otti
547 1541 589 1598 sie
612 1539 734 1597 breviter
763 1540 829 1612 fata
856 1543 898 1598 est
923 1537 1065 1613 longam
1092 1539 1243 1607 saeerdm·
1269 1538 1335 1596 bre-

317 1628 395 1685 viter
427 1628 538 1702 quippe
572 1627 657 1702 loqui
689 1627 792 1687 debuit
823 1627 956 1685 relatura
988 1627 1152 1704 superflua,
1188 1646 1226 1686 ne
1259 1646 1334 1703 quae

317 1716 438 1774 fuerant
474 1718 640 1775 necessario
674 1716 789 1793 agenda
821 1716 965 1774 morando
1003 1716 1143 1775 differret.
1202 1715 1335 1775 Anchisa

274 1826 302 1866 rs
315 1810 460 1878 generate,
483 1806 569 1864 deam
591 1806 752 1883 certissima
768 1805 886 1878 proles:
908 1806 997 1864 natus
1021 1823 1051 1864 es
1071 1825 1106 1864 ex
1124 1805 1252 1880 homine,
1275 1823 1335 1863 nen

317 1895 457 1952 inmerito
485 1912 590 1970 pavea,
621 1893 713 1952 habes
744 1893 869 1953 humani
899 1895 1016 1970 generis
1042 1894 1251 1971 timiditatem,
1284 1893 1335 1953 sed

317 1982 394 2040 nihil
423 1981 510 2041 debes
540 1985 671 2041 metuere
703 1984 755 2057 qui
785 1982 847 2041 alia
874 2001 909 2041 ex
939 1985 1025 2058 parte
1053 2002 1145 2060 genus
1174 2001 1192 2040 a
1220 1984 1335 2058 superis

318 2071 410 2130 ducis.
447 2074 515 2146 post
533 2073 681 2147 principia
700 2070 852 2130 deseendit
870 2071 908 2129 ad
926 2091 963 2130 ea
982 2090 1058 2147 quae
1076 2073 1264 2148 interrogata
1282 2073 1334 2130 est.

320 2160 418 2234 Cocyti
450 2165 556 2236 stagna
588 2161 650 2221 alta
679 2160 759 2221 eides
785 2160 972 2236 Stygiamque
994 2161 1150 2235 baladan,
1181 2162 1225 2220 dii
1252 2162 1336 2221 enias

274 2271 303 2311 ac
317 2252 419 2310 inrare
446 2253 547 2309 timent
573 2255 599 2309 et
625 2251 729 2325 fallere
754 2268 881 2311 nnrnrn:
911 2250 968 2309 hoc
996 2251 1215 2311 intermittente
1242 2252 1336 2309 inter-

316 2341 487 2416 rogatione,
511 2338 562 2399 scd
585 2340 691 2399 melius
719 2340 791 2400 fecit
813 2341 898 2399 vates
927 2339 1042 2415 aliquid
1065 2341 1194 2415 amplius
1217 2339 1336 2414 referre,

317 2432 352 2487 ut
374 2430 597 2489 instructiorem
624 2429 761 2488 redderet
788 2429 1003 2504 requirentem,
1031 2448 1086 2489 nec
1113 2429 1278 2487 cumularit
1301 2447 1336 2486 ex

317 2518 373 2575 hoe
391 2517 570 2577 brevitatem
585 2518 728 2577 sermonis
743 2519 798 2593 sui,
822 2518 875 2578 sed
887 2517 1030 2577 brevitati
1048 2517 1212 2591 consuluit,
1234 2519 1336 2592 posset

319 2608 398 2664 enim
421 2606 538 2666 Aeneas
563 2607 641 2681 quod
663 2608 696 2664 in
719 2608 818 2682 prima
839 2608 1075 2684 interrogatione
1093 2608 1336 2682 praetermiserat

274 2714 461 2771 inquaerere
488 2697 521 2753 in
549 2695 690 2771 secunda,
719 2697 798 2771 quod
825 2697 925 2755 vitans
949 2695 1065 2771 Sibylla
1094 2696 1251 2771 praevenit
1273 2714 1335 2753 am·

318 2788 428 2862 putans
456 2804 555 2845 moras
584 2804 659 2861 quas
686 2787 787 2861 potuit
813 2784 909 2844 altera
939 2784 1096 2859 inquisitio
1123 2786 1230 2844 facere.
1276 2787 1335 2843 sta-

318 2893 411 2952 gnum
429 2875 523 2950 igitur
541 2873 616 2933 illud
636 2873 772 2951 Cocytos,
790 2872 899 2949 inquit,
917 2873 1007 2932 habet
1024 2893 1142 2947 nomen,
1160 2874 1247 2949 palus
1265 2891 1335 2933 uero

317 2982 396 3037 quae
421 2981 455 3020 ex
479 2964 684 3038 superfusione
708 2962 957 3038 aquaeeffieitur
979 2961 1055 3038 Styx
1078 2963 1256 3041 appellatur,
1282 2982 1337 3037 per

393 3137 407 3184 1
431 3133 538 3187 habena
557 3131 590 3186 V.
625 3132 629 3203 l
663 3131 827 3186 haberenam
845 3130 878 3185 V.
980 3137 995 3184 ‘1
1019 3148 1032 3183 s
1052 3133 1120 3187 tella
1147 3134 1190 3201 (ut
1212 3130 1335 3200 plerum-

317 3206 385 3273 que)
404 3201 438 3256 V.
464 3205 468 3273 Ι
498 3203 642 3272 tripertita
661 3202 704 3255 ed.
784 3207 799 3255 9
820 3204 877 3271 ipse
896 3204 1007 3257 animae
1069 3202 1112 3256 cd.
1193 3209 1225 3256 11
1246 3210 1335 3256 trans·

318 3275 455 3329 mitterent
477 3291 524 3328 ena
541 3273 567 3326 V
589 3275 840 3328 transmitterentur
862 3274 905 3328 cd.
1016 3279 1048 3327 12
1070 3276 1147 3340 saeta
1169 3278 1209 3327 eet
1230 3272 1264 3326 V.

321 3350 355 3398 13
373 3362 407 3399 ne
425 3361 481 3414 qna
498 3344 524 3398 V
543 3361 611 3398 corr.
627 3344 670 3397 ed.
762 3349 795 3397 14
814 3344 964 3411 differreV
984 3362 1052 3399 corr.
1068 3345 1111 3397 ed.
1211 3343 1338 3398 rtatim

317 3416 345 3470 V
364 3416 423 3470 alin
442 3416 486 3470 ed.
585 3420 618 3469 18
637 3415 675 3469 act
693 3431 726 3469 ea
743 3431 813 3483 qnae
831 3415 857 3469 V
875 3417 914 3470 ad
931 3432 991 3471 eam
1006 3421 1114 3483 partem
1132 3431 1202 3483 qnae
1220 3412 1264 3466 ed.

317 3493 355 3542 20
377 3488 427 3542 hee
451 3488 574 3541 interrate
599 3487 840 3557 interrogationem
862 3486 888 3540 V
914 3488 987 3541 hana
1013 3486 1159 3539 intermisit
1185 3485 1337 3554 interroga·

317 3559 420 3613 tionem
438 3557 493 3612 ΗΟ
513 3558 556 3612 ed.
575 3558 625 3611 hoe
642 3558 836 3613 iretermittente
854 3558 1067 3627 interrogatione
1084 3572 1142 3611 noe.
1220 3560 1252 3608 21
1272 3555 1338 3622 fecit

318 3628 345 3682 V
363 3630 433 3696 facit
451 3628 506 3683 ΗΟ
525 3629 569 3683 ed.
595 3632 600 3697 Ι
628 3628 729 3695 referre
747 3628 773 3681 V
790 3629 911 3696 referens
928 3628 981 3695 ed,
1000 3629 1051 3681 sed
1069 3626 1104 3681 cf.
1124 3632 1149 3693 2,
1160 3631 1219 3681 539.
1240 3631 1264 3693 9,
1275 3630 1339 3679 621.

375 3705 409 3754 26
428 3702 526 3826 potxm't¹
543 3699 569 3753 V
588 3704 699 3768 pomer
721 3698 764 3754 ed.
870 3704 903 3752 2⁷
927 3705 1033 3770 corytos
1055 3697 1081 3752 V
1105 3698 1199 3768 Cocyti
1221 3697 1265 3751 ed.

317 3776 356 3825 28
375 3772 450 3843 ietyn
494 3814 500 3826 .
