3250 4350
706 425 889 480 AENEIDOS
907 427 933 480 V
1267 424 1334 492 433

318 598 515 670 constituero,
544 597 654 654 faciam
683 598 710 654 61
738 596 892 672 templum.
938 598 1086 671 templum
1114 597 1190 654 dixit
1212 599 1247 654 ut
1270 597 1335 671 deo,

318 705 378 743 non
405 685 580 744 memoriam
607 688 642 742 ut
672 685 788 743 homini
820 690 951 759 mortuo,
985 689 1014 743 et
1042 703 1126 744 sacra
1156 686 1244 759 dixit,
1274 705 1334 744 non

318 775 448 833 inferias.
495 777 525 832 et
554 774 695 849 quoniam
718 775 957 850 spectaculorum
979 777 1109 850 gratiam
1133 774 1220 832 debet
1243 775 1334 832 etiam

318 863 439 922 refectio
472 881 629 938 corporum
666 865 766 939 sequi,
802 863 953 938 promittit
988 864 1135 922 universis
1172 882 1334 921 annonam:

287 953 389 1013 abiae
416 953 502 1010 boam
528 954 609 1011 uobis
635 953 724 1012 Troia
748 957 904 1026 yeaeratas
925 952 1043 1011 Acestes
1071 953 1123 1010 dat
1143 969 1264 1010 numero
1287 970 1333 1010 ea-

311 1043 380 1114 6116
402 1043 435 1098 16
457 1044 551 1099 66616.
597 1042 736 1116 promisit
758 1041 794 1098 de
818 1042 916 1100 alieno
939 1044 1059 1100 tantum
1081 1060 1271 1116 praesumens
1298 1041 1335 1099 de

316 1130 435 1188 Acestis
453 1129 656 1189 benivolentia
674 1134 822 1205 quantum
839 1130 965 1189 fiduciae
979 1130 1071 1189 dabat
1085 1131 1245 1206 superioris
1259 1133 1333 1189 tem-

316 1221 400 1294 poris
423 1219 549 1296 largitas
573 1223 603 1277 et
625 1221 780 1295 praecipui
803 1220 920 1278 animus
944 1220 1026 1279 civis.
1069 1221 1198 1279 adhibete
1215 1223 1335 1293 penatis

317 1312 345 1367 et
361 1311 478 1381 patrios
502 1310 594 1381 epatis
618 1312 644 1366 et
665 1325 737 1381 quos
760 1309 827 1368 colit
847 1310 950 1381 hospes
971 1308 1102 1368 Acestes:
1130 1327 1182 1367 vos
1205 1328 1334 1367 memen-

276 1420 302 1459 16
317 1400 395 1470 tote,
418 1400 465 1471 ut,
489 1416 556 1456 611111
579 1398 664 1457 binos
688 1397 778 1457 hoves
801 1417 855 1472 per
878 1399 963 1456 navis
987 1398 1120 1474 singulas
1148 1399 1334 1472 sumpseritis

318 1489 349 1544 et
367 1487 546 1561 paraveritis
566 1488 677 1563 epulas,
693 1485 859 1545 adhibeatis
880 1505 948 1544 cum
966 1489 1077 1546 nostris
1091 1486 1249 1562 penatibus
1265 1487 1334 1545 deos

319 1594 393 1649 quos
417 1576 524 1650 hospes
547 1578 611 1651 ipse
634 1580 803 1635 veneratur.
834 1579 1044 1649 praetereasi
1066 1577 1241 1634 66661166
1258 1593 1334 1633 eaor·

317 1665 426 1722 talibas
454 1666 565 1722 almam
592 1683 704 1724 aurora
732 1666 864 1724 extulerit
890 1665 1041 1737 radiisque
1064 1667 1198 1723 reteaerit
1223 1666 1388 1724 66166166

317 1755 500 1828 praestruxit
519 1756 628 1828 omnia,
648 1754 741 1812 edixit
760 1754 839 1812 diem
857 1753 1003 1828 ludorum,
1023 1752 1065 1813 sic
1083 1757 1193 1828 tamen,
1212 1755 1238 1812 si
1256 1755 1333 1812 aeris

276 1866 303 1904 15
318 1844 411 1899 etiam
438 1845 596 1918 temperies
624 1845 809 1918 proveniret,
840 1844 870 1901 et
897 1861 956 1901 non
983 1844 1152 1918 proximum
1179 1845 1252 1900 satis
1280 1862 1334 1902 1166

319 1931 392 1989 satis
415 1932 547 2008 longum,
570 1934 605 1989 ut
627 1933 759 1990 medium
783 1935 901 2006 tempus
920 1950 974 1989 nec
992 1931 1114 1990 haberet
1133 1931 1267 1989 diutinae
1286 1952 1333 1988 ex-

317 2022 498 2095 pectationis
521 2021 654 2078 taedium
677 2023 707 2079 et
729 2023 831 2078 tamen
849 2021 994 2079 maiorem
1013 2021 1216 2079 celebritatem
1233 2024 1335 2095 posset

318 2109 484 2184 adquirere.
529 2128 616 2184 nono,
639 2111 748 2185 inquit,
772 2110 820 2168 (116
843 2109 930 2167 ludos
954 2109 1077 2185 habebo,
1101 2111 1127 2168 si
1151 2111 1334 2169 consentien-

317 2198 400 2257 tibus
420 2200 574 2258 elementis
593 2200 674 2258 alma
691 2201 757 2258 11166
776 2199 932 2275 provenire
951 2200 1091 2274 potuerit.
1125 2200 1237 2257 almum
1256 2199 1334 2258 diem

274 2312 303 2352 ao
317 2289 518 2362 tranquillum
537 2287 675 2347 debemus
695 2288 837 2364 accipere,
852 2290 924 2363 quia
942 2289 1049 2347 navale
1068 2292 1217 2347 certamen
1235 2290 1335 2348 fuerat

317 2378 489 2450 habituruS,
517 2379 565 2435 cui
591 2378 798 2454 tranquillitas
821 2378 923 2454 pelagi
946 2378 1046 2436 fuerat
1068 2380 1243 2436 necessaria.
1289 2378 1333 2436 in-

317 2468 422 2525 sinuat
449 2467 554 2524 dehine
582 2467 684 2525 futura
709 2468 906 2525 certaminum
929 2484 1047 2542 genera,
1072 2470 1107 2525 ut
1129 2468 1333 2543 unusquisque

316 2556 430 2614 maiore
463 2556 562 2613 studio
595 2558 665 2614 ante
696 2559 814 2632 tempus
851 2574 991 2615 accensus
1028 2558 1143 2613 veniret
1176 2556 1214 2613 ad
1247 2556 1333 2614 (116111.

317 2644 466 2720 percurrit
493 2644 565 2702 11666
592 2647 625 2703 111
652 2645 759 2721 quibus
788 2646 963 2705 enitesceret
989 2644 1085 2703 virtus
1113 2647 1215 2719 potius
1244 2664 1334 2719 quam

274 2756 302 2795 as
317 2734 458 2792 ludorum
485 2734 619 2809 turpium
648 2736 837 2809 corruptione
861 2734 1050 2793 sordesceret.
1096 2753 1156 2793 non
1179 2734 1335 2792 edicuntur

317 2823 416 2896 mimi,
446 2823 497 2897 qui
520 2824 591 2882 solis
614 2823 779 2882 inhonestis
803 2825 834 2881 et
857 2823 1001 2881 adulteris
1023 2824 1156 2897 placent3
1189 2842 1243 2898 per
1265 2823 1333 2882 illos

318 2913 398 2969 euim
440 2912 563 2970 discitur
604 2912 853 2988 quemadmodum
894 2912 1012 2969 inlicita
1053 2911 1128 2970 fiant
1164 2914 1218 2969 aut
1253 2913 1334 2970 facta

317 3004 487 3059 noscantur.
533 3020 592 3059 non
626 3001 783 3059 edicuntur
815 3002 989 3059 saltationes
1022 3001 1130 3074 fluxae,
1162 3002 1193 3058 in
1226 3001 1333 3076 quibus

318 3091 447 3148 saltator
473 3090 524 3147 ille
554 3094 598 3148 est
626 3091 731 3150 melior
759 3091 812 3165 qui
840 3090 1025 3165 perditorum
1053 3090 1163 3148 iudicio
1189 3090 1333 3148 membro·

273 3201 303 3241 so
317 3199 386 3236 rum
409 3178 543 3236 virihum
566 3178 656 3237 robur
677 3181 710 3237 in
733 3180 913 3239 solutionem
936 3180 1096 3237 femineam
1115 3181 1250 3252 verterit3
1274 3198 1334 3238 non

317 3294 533 3325 --.4—

393 3388 406 3433 1
428 3384 452 3434 ei
471 3383 522 3436 th
541 3386 622 3437 etiam
641 3384 728 3455 61111
749 3385 825 3439 rideo
844 3384 1012 3439 1111616166
1030 3403 1045 3437 r
1063 3384 1106 3438 ed.
1189 3389 1205 3436 8
1224 3385 1335 3437 animas

317 3454 396 3508 uiuis
415 3452 466 3505 th
484 3473 510 3509 a.
525 3458 592 3509 civis
610 3472 661 3508 nos
681 3455 783 3509 61757
803 3457 894 3509 aaiini
911 3458 999 3510 cirtae
1018 3456 1061 3508 ed.
1129 3461 1160 3507 11
1181 3455 1335 3507 adhibeatis

318 3542 374 3577 om.
394 3525 519 3580 adbibere
539 3529 605 3579 ante
624 3526 686 3579 deos
704 3526 835 3597 interpol.
851 3526 894 3579 ed.
977 3533 1010 3580 14
1029 3527 1117 3580 edicit
1134 3526 1186 3578 th
1204 3533 1229 3580 et
1249 3527 1335 3580 edixit

316 3596 363 3649 ed.
430 3597 600 3651 16666111
617 3597 1167 3665 666611(1161-16661111116166661.
1234 3598 1334 3650 18116-

318 3669 383 3721 bebo
399 3666 449 3719 LR
463 3669 589 3723 exhibebo
603 3669 646 3722 ed.
702 3669 867 3723 61661111
881 3686 935 3737 pro
949 3685 1002 3737 qao
1016 3669 1059 3721 ed.
1115 3674 1148 3720 28
1167 3669 1335 3722 salaatioaes

317 3738 371 3791 LR
392 3754 488 3790 oorr.r
507 3739 549 3792 ed.
606 3746 639 3791 29
659 3740 763 3794 iadieio
783 3741 826 3794 ed.
882 3744 916 3792 30
934 3741 1086 3794 solitioaem
1104 3739 1156 3792 th
1173 3740 1336 3793 solationem

316 3826 389 3864 corr.
404 3810 425 3861 L
440 3809 466 3862 Il
479 3827 553 3865 man.
572 3813 745 3865 saltationem
764 3812 807 3866 ed.
825 3816 829 3878 Ι
848 3812 994 3877 terrineam
1012 3827 1065 3865 om.
1081 3811 1124 3864 ed.
1335 3833 1337 3838 ·

372 3910 431 3949 Don⁴
446 3910 540 3957 interpr„
550 3910 618 3960 Varg.
640 3911 685 3950 vol.
699 3911 718 3950 1.
1091 3905 1129 3953 ‘hb
