3250 4350
659 411 843 471 AENEIDOS
862 411 900 465 ΙΠ
1227 413 1291 477 267

272 585 304 640 et
328 599 424 640 mores
447 581 512 640 eius
536 584 566 639 et
588 580 710 640 vivendi
733 580 866 640 studium
888 585 1022 640 noverat.
1063 581 1115 641 sed
1138 581 1294 658 quaeritur

272 689 328 728 cur
354 669 462 728 dixerit
489 687 578 744 parce
606 669 671 745 pias
699 671 844 729 scelerare
871 689 991 745 manus,
1023 689 1091 729 cum
1121 671 1184 729 iarn
1213 671 1293 747 quod

272 758 451 834 prohibebat
473 758 538 818 fieri
560 759 675 817 factum
693 777 757 818 esse
776 762 934 818 constaret.
971 761 1041 834 post
1059 759 1294 819 admonitionem

272 852 304 907 et
324 849 525 925 cognitionem
543 849 587 906 ait
605 865 693 923 parce
713 849 869 921 scelerar03
888 849 990 924 priora
1009 849 1090 908 enim
1106 849 1197 923 facta,
1216 867 1293 924 quae

243 957 257 997 1
272 937 377 995 Aenea
390 937 455 1012 ipso
469 938 618 996 nesciente
632 941 847 1012 processerant,
861 941 1024 1014 potuerunt
1037 938 1146 997 habere
1159 938 1292 1012 veniam,

272 1027 347 1084 haec
371 1028 450 1084 enim
472 1027 584 1085 fecerat
607 1027 659 1103 qui
678 1027 825 1085 nescierat
843 1044 972 1086 calisam.
1004 1027 1107 1086 haeret
1127 1029 1228 1086 autern
1246 1029 1292 1084 in·

273 1114 431 1190 expiabilis
454 1118 535 1191 nota,
559 1116 586 1174 si
608 1115 701 1173 fuerit
723 1116 879 1175 voluntate
902 1119 1065 1192 peccatum.
1112 1133 1182 1193 ergo
1210 1118 1291 1175 recte

272 1204 350 1263 dixit
377 1222 465 1280 parce
493 1204 650 1278 scelerare,
679 1206 842 1280 antequam
867 1204 948 1264 facto
972 1208 1002 1263 et
1024 1208 1123 1264 mente
1145 1209 1291 1280 peccaret.

272 1311 363 1370 parce
390 1293 457 1369 pias
485 1294 630 1353 scelerare
656 1312 776 1352 manus:
815 1292 894 1369 quod
917 1293 1072 1368 prohibeo,
1095 1293 1203 1369 inquit,
1227 1292 1293 1352 fieri

231 1401 258 1441 ro
273 1387 304 1442 et
327 1382 403 1440 rnihi
425 1381 560 1458 proderit
583 1385 613 1441 et
634 1381 701 1440 tibi.
742 1383 798 1440 hoc
817 1401 911 1460 genus
929 1384 1130 1458 persuasionis
1149 1402 1293 1460 magnum

272 1475 331 1546 est,
364 1473 399 1530 ut
431 1471 511 1546 quod
530 1473 745 1547 'unusquisque
777 1472 891 1546 petitur
918 1472 995 1531 sciat
1021 1473 1113 1530 etiam
1140 1471 1198 1531 sibi
1224 1490 1291 1547 pro-

271 1561 417 1619 futurum.
461 1561 598 1632 etmihi,
622 1559 674 1633 ait,
696 1578 800 1636 parces
825 1563 855 1620 et
877 1560 934 1619 tibi
957 1561 1014 1619 erit
1036 1560 1232 1634 commodum,
1255 1580 1292 1620 ne

271 1668 380 1708 manus
403 1653 471 1709 tuas
494 1651 560 1725 pias
585 1651 616 1708 et
637 1649 795 1726 religiosas
817 1649 949 1708 funestas
974 1653 1003 1708 et
1025 1650 1202 1725 inexpiabili
1223 1649 1291 1708 labe

271 1739 484 1813 commacules,
516 1739 669 1813 praesenti
701 1739 749 1797 vel
781 1740 910 1797 maxime
942 1741 1076 1814 tempore
1114 1758 1172 1814 quo
1207 1757 1292 1798 sacra

230 1847 258 1888 11
272 1827 446 1886 numinibus
478 1827 587 1886 reddis.
643 1842 703 1886 non
734 1846 782 1885 me
814 1826 872 1885 tibi
904 1827 994 1886 Troia
1026 1832 1180 1886 externum
1211 1828 1292 1888 tulit.

272 1935 389 1993 peccas,
412 1916 519 1991 inquit,
542 1918 574 1974 in
597 1917 757 1990 hominem,
779 1933 884 1992 peccas
907 1917 939 1974 in
962 1917 1113 1991 miserum,
1132 1935 1236 1992 peccas
1259 1920 1292 1975 in

271 2006 460 2079 defunctum,
491 2023 596 2081 peccas
629 2007 661 2063 in
694 2005 802 2079 civem,
834 2023 940 2080 peccas
967 2007 999 2063 in
1026 2008 1127 2081 tuum3
1165 2003 1291 2064 Creusae

271 2095 353 2153 enim
380 2095 480 2153 fuerat
507 2095 602 2153 frater
624 2093 791 2169 Polydorus
819 2094 1001 2170 perindeque
1028 2094 1148 2152 Aeneae
1176 2094 1290 2154 adfinis.

270 2184 395 2260 pulchre
423 2186 525 2242 tamen
552 2184 629 2244 dixit
655 2204 716 2244 non
743 2203 790 2242 me
819 2184 878 2243 tibi
905 2184 995 2244 Troia
1025 2187 1180 2244 externum
1210 2186 1291 2260 tulit,
1344 2226 1347 2235 ·

230 2274 328 2333 roboc
351 2277 479 2333 estnon
501 2274 546 2331 ita
568 2293 616 2332 me
639 2273 696 2331 tibi
720 2274 816 2333 civem
838 2275 942 2351 genuit
965 2274 1069 2347 Troia,
1095 2278 1131 2332 ut
1159 2277 1290 2333 tantum·

270 2363 360 2422 modo
390 2362 464 2421 civis
492 2365 562 2421 tuus
590 2380 697 2437 essem,
725 2381 830 2421 verum
857 2363 949 2422 etiam
971 2367 1006 2422 ut
1027 2365 1167 2440 iungerer
1190 2364 1291 2440 generi

270 2456 333 2512 tuo.
382 2454 435 2509 aut
458 2470 544 2512 cruor
566 2452 616 2511 hic
638 2451 675 2509 de
698 2452 802 2527 stipite
825 2455 944 2512 manat:
977 2472 1015 2510 an
1037 2456 1127 2528 putas
1150 2451 1215 2510 fieri
1238 2471 1290 2526 po·

270 2541 366 2600 tuisse
389 2543 424 2599 ut
448 2560 482 2598 ex
505 2541 588 2619 ligno
612 2541 733 2618 sanguis
757 2538 887 2600 exisset?
927 2560 992 2599 ecoe
1015 2543 1127 2600 tractat
1146 2543 1176 2599 et
1193 2543 1290 2615 partis

271 2631 344 2704 lcci;
377 2631 439 2687 iam
466 2631 559 2703 enim,
587 2633 621 2689 ut
649 2629 762 2688 dictum
789 2632 848 2703 est,
874 2648 1071 2705 personarum
1095 2631 1239 2688 tractavit
1262 2633 1292 2688 et

230 2739 256 2779 rs
270 2719 425 2795 temporis.
465 2721 522 2778 beu
544 2720 621 2793 supe,
640 2718 747 2795 inquit,
766 2720 892 2779 medelis
914 2724 1019 2787 terras,
1036 2721 1104 2792 supe
1126 2719 1197 2777 litus
1220 2736 1290 2778 coc·

270 2828 354 2867 rum:
377 2808 532 2867 hominum
555 2808 645 2883 culpa
668 2810 699 2866 et
721 2827 838 2867 mamm
861 2808 1040 2867 adscribitur
1063 2808 1150 2867 terris
1173 2810 1206 2866 in
1225 2807 1290 2883 qui-

270 2898 326 2957 bus
359 2898 425 2956 nati
455 2901 537 2970 sunt,
570 2898 656 2973 quasi
684 2896 803 2955 demum
830 2916 891 2956 non
917 2898 1073 2956 hominum
1100 2916 1206 2974 genus,
1239 2897 1291 2956 sed

271 3006 376 3046 eorum
398 3005 506 3061 parens
529 2989 611 3045 terra
633 2988 792 3061 peccasset.
829 2987 885 3047 hoc
908 2988 1001 3045 satiat
1024 2989 1054 3045 et
1076 2987 1133 3045 hoc
1156 2986 1222 3045 vult
1244 2988 1289 3044 in·

271 3076 390 3153 tellegi,
422 3094 459 3132 ne
487 3095 579 3133 unum
607 3074 728 3150 quidem
754 3075 819 3134 illio
847 3093 909 3134 esse
942 3077 995 3151 qui
1021 3078 1105 3135 vivat
1136 3075 1290 3134 hominum

234 3183 258 3223 ro
271 3184 354 3223 more
379 3182 414 3222 ac
436 3183 490 3239 per
512 3165 567 3223 hoc
590 3164 699 3222 vitium
723 3164 869 3223 eiusmodi
891 3183 952 3223 non
974 3165 1127 3223 hominum
1147 3183 1220 3239 esse,
1239 3163 1290 3222 sed

271 3255 342 3326 loci3
380 3253 413 3310 in
444 3251 614 3311 hominibus
647 3254 757 3328 quippe
790 3255 836 3312 est
867 3254 971 3329 procul
1000 3253 1091 3312 dubio
1123 3252 1290 3325 diversitas,

272 3361 368 3418 neque
392 3343 596 3400 enimomnes
619 3341 691 3399 boni
712 3346 767 3401 aut
790 3361 891 3401 omnes
914 3342 987 3400 mali
1009 3342 1210 3417 reperiuntur,
1239 3341 1290 3399 sed

344 3517 360 3565 3
375 3512 536 3581 prohiberet
549 3511 601 3565 Lll
616 3517 708 3566 -ucrat
721 3511 764 3565 ed.
780 3512 854 3566 -ebct
866 3528 925 3564 nos.
979 3516 995 3563 4
1005 3511 1087 3579 prior
1100 3509 1153 3563 LR
1165 3511 1262 3577 priora
1275 3527 1290 3563 r

268 3585 350 3651 pricos
370 3582 414 3637 ed.
487 3584 562 3637 dab
581 3600 666 3638 ucoca
684 3600 705 3635 r.
785 3581 940 3637 lactatii
961 3589 1028 3636 notu
1045 3600 1067 3635 r.
1147 3586 1179 3634 13
1199 3582 1290 3635 marcis

271 3654 416 3710 limenas
433 3672 454 3706 r.
480 3656 484 3723 Ι
513 3655 638 3721 florescas
655 3653 682 3707 a
700 3670 769 3708 corr.
788 3672 810 3706 r.
884 3658 917 3706 21
936 3670 1031 3723 pecore
1048 3652 1101 3706 LR
1120 3653 1159 3706 -ri
1177 3670 1191 3704 r
1210 3651 1252 3705 ed.

270 3732 304 3851 {2
324 3731 377 3781 out
390 3724 443 3779 LR
455 3725 537 3849 liceadl
547 3725 589 3780 ed.
647 3730 681 3777 24
700 3725 830 3780 tractauit
842 3723 895 3777 th
913 3731 946 3779 tr.
960 3730 1053 3793 portes
1067 3724 1110 3777 ed.
1165 3728 1198 3777 32
1218 3725 1290 3777 euim

296 3798 323 3852 lt
341 3799 415 3853 caim
432 3803 544 3851 cute.
