3250 4350
659 429 842 486 Asusmos
860 431 899 486 ιιι
1225 434 1291 499 579

275 597 342 657 silio
361 602 451 674 poeta
469 602 634 675 proeteriit,
653 622 690 661 ne
707 602 796 662 rebus
815 605 939 677 propter
957 620 1031 678 quas
1049 605 1172 661 uentum
1190 602 1291 662 fuerat

274 707 359 746 mora
381 689 526 765 prolixior
547 688 632 749 fieret
654 688 703 750 vel
725 711 762 751 ne
780 694 987 768 repeterentur
1005 709 1041 750 ea
1059 710 1135 768 quae
1154 693 1290 767 superius

275 777 356 836 dicta
388 780 465 836 sunt.
521 778 574 838 sed
605 798 658 839 nec
689 780 813 841 Aenean
845 779 918 840 fecit
949 798 1071 857 negasse
1103 799 1291 856 responsum3

274 867 436 925 intervenit
468 869 547 926 enim
578 868 750 930 interdictio
778 869 925 946 Sibyllae,
957 887 1047 947 quae,
1078 887 1146 927 cum
1176 869 1291 929 videret

248 955 355 1014 adiem
383 955 457 1030 labi,
487 957 605 1017 fabulas
633 958 728 1018 omnis
756 963 786 1018 et
813 977 911 1018 moras
939 957 1079 1030 abscidit,
1109 961 1210 1017 tamen
1238 958 1292 1018 dat

274 1045 323 1102 illi
344 1045 542 1105 humanitatis
564 1049 660 1121 partis
682 1046 787 1122 iustas,
809 1068 847 1107 ne
871 1049 980 1107 amicos
1004 1066 1022 1104 a
1042 1047 1199 1123 conloquio
1222 1066 1290 1123 pro-

274 1134 376 1192 hibere
395 1137 501 1210 sponte
520 1135 678 1195 videretur.
720 1155 780 1197 uon
799 1139 880 1195 enim
897 1137 1009 1195 frustra
1028 1139 1074 1196 est
1092 1136 1172 1213 quod
1189 1136 1291 1212 posuit

274 1224 330 1282 huc
352 1225 414 1282 uice
435 1239 601 1283 sermonum
627 1228 719 1285 roseis
746 1243 858 1285 curere
885 1227 1038 1299 quadripes
1065 1227 1127 1283 ium
1153 1225 1344 1284 medicantes

274 1313 400 1371 aetherio
419 1330 507 1372 cursu
525 1317 678 1374 traiecerat
694 1332 791 1374 ouem:
811 1314 882 1373 dum
895 1315 1035 1388 vicissim,
1048 1313 1157 1390 inquit,
1171 1314 1289 1373 fabulas

233 1418 259 1458 ιι
274 1404 447 1476 conserunt,
469 1403 532 1460 iam
555 1406 675 1463 exactus
698 1405 797 1463 fuerat
819 1404 934 1463 medius
958 1402 1028 1461 dies.
1076 1407 1101 1460 et
1122 1403 1186 1474 fers
1207 1420 1290 1462 mnue

273 1491 376 1548 dutum
399 1491 545 1549 traherent
561 1510 617 1565 per
639 1493 713 1552 teliu
736 1497 862 1566 teurpus:
893 1494 936 1552 sic
963 1493 1091 1551 libenter
1116 1492 1208 1550 verba
1234 1492 1288 1550 mi·

273 1579 408 1654 scebant,
431 1582 466 1637 ut
489 1580 551 1639 dies
574 1581 637 1641 illis
659 1601 719 1641 non
743 1583 900 1643 sufficeret.
946 1583 996 1641 sed
1019 1598 1111 1641 eomes
1138 1578 1291 1639 admonuit

272 1669 451 1740 breuiterque
469 1669 575 1743 adfatu
591 1669 705 1746 Sibylla
724 1677 778 1732 est:
803 1671 919 1746 Sibylla
942 1689 1017 1746 quae
1040 1670 1079 1728 ad
1096 1670 1153 1728 hoe
1171 1668 1289 1728 Aeneae

271 1758 374 1816 fuerat
395 1757 506 1832 iuncta,
529 1761 618 1818 utin
642 1761 780 1820 omnibus
803 1763 964 1819 instrueret
985 1761 1188 1836 ignorantem,
1212 1777 1289 1818 com·
1373 1778 1375 1781 ·

224 1846 392 1905 remonuit
414 1846 544 1906 breviter
567 1848 738 1908 fabularum
760 1849 884 1926 prolixis
906 1848 1086 1907 tractatibus
1112 1850 1290 1923 occupatum

270 1935 450 2012 intellegens
468 1939 567 1995 totum
586 1937 665 1996 diem
683 1940 715 1996 in
729 1938 767 1997 iis
780 1956 867 2014 posse
886 1937 1026 1996 consumi.
1059 1953 1115 1995 usa
1133 1938 1179 1994 est
1196 1937 1290 2013 igitur

272 2024 422 2083 brevitate
441 2026 594 2100 sermonis,
613 2046 649 2085 ne
668 2046 776 2101 mores,
795 2045 870 2102 quas
887 2043 1038 2084 removere
1057 2024 1205 2100 cupiebat,
1222 2027 1290 2100 ipsa

271 2113 437 2190 plurimum
459 2114 607 2190 loquendo
629 2117 766 2175 nutriret.
812 2132 871 2175 uox
893 2117 961 2184 ruit,
983 2112 1094 2182 Aeueu,
1117 2131 1172 2172 uos
1193 2114 1290 2185 [188818

271 2205 408 2263 ducimus
436 2205 538 2262 horas:
570 2205 747 2265 necessitate
778 2205 936 2281 conplendi
969 2208 1051 2264 actus
1084 2204 1167 2262 euius
1200 2221 1290 2263 causa

222 2312 254 2352 ao
271 2294 417 2351 venerant
432 2337 778 2354 ....................
792 2293 973 2370 Deiphobus.
1010 2294 1041 2351 id
1062 2311 1099 2350 ne
1118 2291 1157 2350 ad
1170 2292 1290 2351 Aeneae

270 2381 382 2439 vitium
401 2382 448 2440 vel
467 2380 601 2457 Sibyllae
619 2385 792 2459 pertineret,
815 2383 1015 2442 defensionem
1033 2383 1161 2456 sumpsit
1178 2400 1197 2440 a
1215 2384 1289 2439 tem·

270 2488 345 2546 pore
369 2473 459 2545 atque
486 2472 544 2546 ita,
574 2477 609 2531 ut
635 2472 712 2531 hanc
734 2492 794 2531 non
817 2472 921 2549 longo,
944 2477 980 2529 ut
1002 2470 1115 2529 dictum
1144 2473 1202 2544 est,
1230 2488 1289 2529 ser-

270 2577 360 2617 mone
383 2558 572 2634 produceret:
595 2580 662 2635 nox,
686 2562 739 2637 ait,
761 2563 832 2635 ruit,
855 2561 965 2618 Aenea.
1003 2577 1069 2618 ecce
1091 2561 1209 2635 tempus
1228 2559 1290 2617 fuit

270 2649 304 2706 in
329 2667 431 2723 causa,
456 2649 535 2724 quod
562 2650 625 2708 labi
652 2668 711 2709 non
735 2649 839 2709 debuit
860 2653 983 2726 propter
1010 2649 1105 2707 noctis
1132 2648 1287 2708 incertum.

222 2753 254 2796 ac
271 2736 347 2813 quid
370 2740 449 2795 enim
476 2738 711 2816 intellegendum
739 2742 785 2797 est
811 2740 844 2797 in
867 2757 902 2797 eo
931 2738 1010 2815 quod
1038 2737 1114 2795 dixit
1141 2756 1199 2796 nox
1226 2738 1289 2796 ruit

269 2827 332 2885 nisi
365 2825 444 2901 quod
475 2825 616 2903 diximus,
650 2830 720 2903 quie
748 2828 811 2887 sine
834 2830 968 2904 ipsorum
1000 2826 1202 2902 inpedimento
1229 2846 1289 2885 nox

270 2914 376 2973 eadem
387 2916 491 2973 'venire
504 2935 563 2975 non
577 2915 716 2992 poteret?
740 2936 793 2977 nos
813 2919 914 2976 autem
931 2916 1028 2975 fiendo
1047 2916 1181 2975 ducimus
1199 2915 1288 2975 horas

268 3004 351 3061 hunc
372 3006 474 3078 potest
496 3003 654 3065 admittere
677 3006 871 3081 intellectum,
895 3007 983 3081 quasi
1006 3007 1033 3063 si
1051 3004 1174 3063 diceret:
1197 3010 1288 3081 atque

269 3094 390 3151 utinam
404 3092 519 3153 actibus
534 3095 694 3153 commodis
715 3098 769 3153 eut
782 3094 908 3154 utilibus
922 3094 1102 3173 teneremur!
1125 3113 1287 3168 numquam

345 3248 360 3297 6
379 3250 483 3299 ue—'t
498 3247 594 3315 posuit
612 3261 665 3299 om.
681 3246 723 3300 ed.
817 3251 850 3299 10
870 3251 1035 3301 cousueruut
1052 3243 1078 3298 V
1096 3252 1289 3299 eouseruerrurt

270 3315 337 3385 cdl
357 3316 428 3382 soree
445 3315 478 3370 V
550 3320 582 3370 13
601 3318 640 3371 ad
657 3317 706 3371 hoc
723 3315 749 3370 V
767 3317 828 3370 ideo
847 3317 890 3370 ed
961 3321 993 3369 16
1012 3317 1105 3369 miuus
1123 3314 1148 3367 V
1166 3315 1289 3369 minimis

270 3387 316 3441 ed
335 3388 367 3440 iu
385 3388 422 3441 ι“ι“8
438 3404 490 3441 nos
509 3389 547 3457 (ru
563 3402 615 3457 per
633 3387 747 3457 dittogr
767 3388 900 3457 irrepsit).
968 3392 1001 3440 10
1020 3387 1095 3440 inter
1111 3389 1242 3439 ceueruut
1259 3387 1289 3438 et

268 3458 433 3525 Deiphobus
455 3457 558 3511 lacuna
575 3458 677 3529 viginti
696 3458 818 3528 emplius
836 3458 1022 3513 litterarum
1014 3476 1043 3511 ιιι
1062 3457 1088 3512 V
1107 3456 1147 3510 sic
1165 3456 1224 3509 fere
1243 3471 1288 3510 ex·

268 3528 389 3599 plenda
409 3530 530 3599 turpiore
543 3546 663 3584 cumeae
674 3530 835 3613 proicietur
853 3531 972 3612 (Aeaeos
989 3546 1046 3583 uou
1065 3526 1206 3596 respoudet
1219 3526 1288 3580 Dei·

264 3599 359 3669 phebo
377 3599 439 3669 ed.)
456 3601 543 3669 {poet
560 3599 745 3683 Deiphobus
737 3619 767 3654 ιιι
785 3600 812 3655 V
830 3600 957 3685 sequitur
975 3601 1005 3654 u
1023 3617 1057 3653 ue
1075 3599 1183 3667 (inepta
1201 3598 1289 3651 inter-

268 3688 332 3741 pos.
348 3670 410 3739 ed..)
502 3675 535 3724 21
555 3672 597 3725 uel
614 3672 712 3726 811188
730 3671 756 3725 V
774 3673 845 3726 uel'
833 3673 922 3741 apcius
940 3672 983 3726 ed
1002 3673 1044 3726 uel
1061 3670 1182 3740 Sibullae
1200 3684 1262 3722 nos
1279 3668 1321 3797 R

264 3742 405 3812 pertinere
423 3739 450 3794 V
466 3741 686 3797 1188811811
702 3744 745 3798 ed.
762 3744 914 3815 perliceret
930 3761 995 3799 nos
1057 3746 1098 3794 ‘zu
1115 3757 1143 3793 ιι
1160 3754 1222 3789 om
1233 3737 1277 3785 en

267 3813 310 3868 ud
323 3829 402 3880 quum
424 3811 501 3866 Ved.
521 3820 604 3883 atque
620 3832 673 3871 nos
692 3814 838 3888 (inversus
858 3834 940 3874 error
960 3816 1039 3883 11181

1057 3899 1115 3954 ‘tl‘
