3250 4350
603 447 607 454 -
730 406 915 464 scsffluos
933 408 947 462 I
1036 409 1056 460 i'.
1301 410 1348 474 743

318 581 461 639 natione:
498 577 558 638 tris'
586 579 675 638 litore
709 597 812 638 cervos
835 578 990 655 >prospicit
1022 579 1162 654 errantis,
1194 579 1250 638 lios
1281 582 1350 639 tota

313 670 463 727 Tar-menta
493 671 671 744 sequuntur,
704 685 754 727 eos
786 667 901 727 scilicet
932 671 988 728 tris
1017 669 1069 744 qui
1097 686 1164 727 cum
1191 669 1267 744 ipsis
1294 687 1348 744 per

318 759 399 816 litus
426 757 580 831 errabant,
608 759 684 817 alios
712 775 783 817 vero
807 776 825 814 a
848 759 933 834 tergo
956 759 1106 832 pascentis
1130 757 1271 816 describit
1293 777 1367 832 per

314 847 429 921 ⁴vallis,
450 849 492 905 ut
514 849 556 905 sit
578 847 651 906 ordo
675 849 713 906 et·
728 867 747 905 a
769 849 855 924 tergo
879 847 1002 924 longum
1025 866 1080 922 per
1101 846 1348 921 vallis-pasoitur

292 954 448 1014 sagmen3
471 954 532 995 non
556 935 635 994 enim
658 954 760 994 omnes
784 934 925 994 errabant
943 937 1001 995 ‘aut
1019 953 1120 994 omnes
1138 935 1347 1011 pascebantur,

270 1037 273 1046 '
324 1023 381 1083 sed
403 1024 458 1082 alii
480 1024 608 1084 subiecti
630 1024 751 1083 fuerant
774 1025 868 1083 oculis
887 1025 959 1097 eius,
978 1025 1033 1082 alii
1050 1044 1120 1083 vero
1139 1026 1260 1083 fuerant
1277 1028 1347 1100 post
1398 1057 1400 1061 f

323 1113 434 1190 ipsum.
480 1113 662 1173 subiciamus
695 1114 877 1188 exemplumz
914 1112 1021 1172 similis
1054 1113 1135 1172 enim
1166 1131 1269 1173 versus
1301 1117 1347 1172 est

321 1198 395 1282 (ecl.
420 1193 526 1282 2,10)
555 1202 724 1278 „Thestylis
748 1200 804 1276 et“‚
832 1202 889 1261 hoc
912 1204 957 1260 est
980 1206 1011 1261 01
1033 1202 1198 1278 Thestylis,
1222 1202 1346 1276 „rapido

319 1293 412 1351 fessis
432 1291 616 1350 messoribus
630 1289 746 1366 aestu“3
769 1292 844 1350 item
863 1283 908 1372 (4,
923 1284 1003 1372 418)
1028 1290 1196 1367 „puppibus
1220 1294 1250 1350 et
1273 1291 1346 1350 laeti

275 1405 306 1444 ro
321 1383 436 1440 nautae
468 1380 626 1456 inposuere
658 1378 811 1455 coronas“‚
843 1381 900 1439 hoo
932 1383 978 1439 cst
1009 1383 1040 1439 et
1071 1379 1235 1456 puppibus3
1271 1379 1347 1439 itam

323 1461 466 1550 (3,137)
485 1469 602 1543 „subito
621 1488 689 1528 cum
707 1468 811 1529 tabida
830 1467 997 1542 membris“‚
1013 1470 1069 1528 hoo
1088 1473 1134 1528 ost
1152 1488 1220 1528 cum
1230 1465 1346 1527 subito.

320 1560 383 1634 ipsi
417 1577 534 1634 quoque
564 1559 681 1617 numeri
708 1578 834 1636 gregum
861 1558 1066 1618 diversitatem
1095 1558 1279 1636 significaut3
1310 1559 1346 1617 de

318 1645 493 1707 errantibus
517 1649 628 1723 quippe
651 1647 810 1723 pluraliter
832 1647 910 1706 dixit
937 1651 1073 1706 armenta
1101 1651 1280 1724 sequuntur,
1308 1647 1345 1706 de

319 1736 516 1813 pascentibus
539 1755 609 1796 vero
634 1737 678 1795 ait
701 1739 731 1795 01
750 1755 768 1794 0
786 1739 871 1814 tergo
890 1737 1014 1814 longum
1032 1755 1086 1812 per
1104 1737 1194 1796 vallis
1212 1736 1346 1811 pasoitur

275 1849 304 1888 ιε
318 1844 441 1905 agmen.
486 1827 572 1901 peius
596 1828 696 1884 autem
718 1827 828 1900 poetae
850 1825 960 1884 vitium
983 1827 1070 1898 foret,
1093 1825 1119 1885 si
1142 1844 1203 1884 non
1225 1825 1346 1885 fecisset

321 1917 458 1975 locorum
482 1917 513 1974 et
534 1933 729 1974 numerorum
746 1915 976 1990 separationem,
993 1933 1048 1973 nec
1070 1914 1136 1974 fieri
1158 1915 1214 1973 hoc
1236 1915 1346 1974 vitium

319 2005 428 2064 debuit
455 2023 509 2063 neo
536 2005 651 2063 iactum
673 2021 736 2062 esse
759 2004 953 2062 manifestum
976 2006 1034 2079 est,
1062 2006 1097 2063 ut
1119 2007 1277 2078 tamquam
1299 2004 1345 2061 in-

318 2113 437 2153 memor
460 2092 508 2152 sui
531 2091 677 2170 singulari
700 2111 825 2151 numero
849 2092 1040 2154 concluderet
1062 2093 1143 2168 quod
1166 2111 1225 2168 per
1243 2093 1345 2167 plura·

320 2186 383 2243 lem
407 2185 575 2258 sumpserat
597 2181 837 2257 descriptionem.
874 2182 907 2240 in
925 2182 1111 2242 litoreenim
1121 2185 1255 2257 -positos
1268 2183 1345 2241 dixit

272 2298 303 2336 20
320 2269 485 2347 pluraliter
510 2271 564 2330 hos
592 2273 658 2329 tota
686 2273 823 2330 armenta
851 2274 1029 2347 sequuntur,
1056 2273 1089 2330 in
1116 2270 1245 2330 vallibus
1273 2291 1344 2331 vero

320 2359 458 2436 pascitur
486 2378 593 2438 agmen
620 2360 767 2437 singulari
794 2379 918 2419 numero
947 2363 1100 2436 expressit.
1147 2361 1205 2419 huo
1230 2360 1344 2419 accedit

320 2452 396 2526 quia
420 2451 473 2524 qui
495 2450 631 2524 pascitur
652 2467 713 2508 non
736 2452 818 2507 errat
841 2452 872 2508 et
895 2450 947 2525 qui
970 2453 1052 2509 errat
1073 2468 1134 2508 non
1156 2450 1300 2524 pascitur.

391 2538 517 2597 Peracta
549 2540 717 2597 necessaria
749 2557 906 2597 ceruorum
941 2540 1055 2617 strage,
1091 2539 1147 2597 hoc
1183 2540 1228 2597 est
1264 2556 1343 2613 quae

317 2626 461 2687 omnibus
481 2626 621 2686 Troianis
638 2626 768 2685 uberem
781 2622 880 2687 victus
903 2627 1104 2687 substantiam
1126 2627 1268 2702 praebere
1290 2645 1343 2702 po·

270 2742 301 2781 ea
318 2719 445 2789 1010001,
480 2716 554 2774 litut
573 2722 695 2789 pedum
725 2719 801 2791 petit
833 2720 859 2773 et
889 2718 980 2775 socios
1010 2719 1145 2789 partitur
1175 2718 1209 2774 iu
1240 2719 1343 2775 ornata.

319 2808 439 2864 remeat
466 2804 505 2865 ad
532 2807 632 2879 navis,
659 2804 773 2881 inquit,
797 2807 828 2864 et
851 2807 953 2864 cervos
979 2824 1053 2880 quos
1080 2805 1272 2864 interfecerat
1299 2805 1343 2863 di-

320 2896 397 2954 visit
413 2896 493 2953 inter
511 2894 615 2954 socios.
651 2894 700 2953 bio
723 2894 911 2972 intellegitur
934 2894 1014 2969 quod
1037 2893 1217 2953 breviandae
1240 2913 1344 2953 narra-

319 2984 414 3043 tionis
434 2982 528 3043 vcausa
551 2983 788 3058 praetermiserit
809 2982 962 3060 Vergilius
987 2984 1217 3042 tramlationem
1240 3001 1343 3058 corpo-

319 3093 404 3147 rum3
441 3074 484 3131 ait
507 3071 591 3131 enim
619 3072 729 3131 occidit
757 3091 860 3131 cervos
889 3075 920 3131 et
945 3075 1077 3147 perrexit
1104 3072 1143 3130 ad
1167 3074 1290 3146 portum
1313 3074 1343 3131 et

270 3187 299 3227 ω
322 3162 438 3220 uiritim
466 3160 549 3220 dedit
568 3162 680 3241 'sociis5
708 3179 776 3219 cum
804 3164 910 3236 utique
938 3162 1046 3236 partiri
1074 3180 1134 3219 non
1161 3164 1262 3236 posset
1285 3162 1343 3221 nisi

320 3250 404 3327 quod
431 3251 537 3310 firisset
566 3253 636 3308 ante
658 3250 849 3309 translatum.
896 3269 988 3308 exeo
1012 3253 1078 3326 ipso
1101 3253 1202 3308 tamen
1225 3251 1342 3308 intelle

319 3341 406 3418 gitur
428 3340 556 3414 factum,
583 3339 654 3410 licet
677 3338 793 3398 dictum.
813 3341 937 3397 non-sit
959 3339 1007 3398 vel
1031 3342 1110 3398 certe
1133 3339 1342 3415 conscriptum.

318 3458 326 3463 .
336 3452 537 3462 ,μ’-..-

314 3545 334 3552 --
396 3511 509 3563 ltitore
526 3509 579 3563 LR
597 3511 629 3563 tn
648 3510 664 3563 1.
684 3508 728 3563 ed.
784 3514 818 3561 λ1
843 3509 893 3577 qut
914 3511 1053 3577 transpos.
1073 3508 1117 3563 ed.
1190 3510 1344 3563 tsubteeta'

318 3581 376 3634 LR
392 3581 515 3650 subrepti
533 3581 576 3634 ed.
612 3583 684 3652 100
702 3581 789 3634 oculis
807 3580 851 3633 ed.
937 3585 956 3631 t
970 3581 1071 3634 similis
1088 3581 1161 3634 euim
1178 3596 1273 3634 veruo
1291 3578 1343 3632 let

317 3653 410 3709 somata·
427 3668 449 3705 e.
468 3668 535 3707 usus
553 3652 610 3705 ed:
630 3651 779 3719 sequeutia
797 3666 910 3720 quoque
929 3654 1035 3705 temere
1053 3653 1122 3703 mut.
1142 3651 1186 3704 ed.
1256 3656 1342 3711 17101

318 3741 377 3779 om.
397 3723 441 3777 ed.
517 3725 566 3777 318
581 3722 748 3791 perprimo
763 3723 898 3775 omissum
917 3722 981 3774 add.
1001 3723 1063 3791 ipse
1081 3722 1107 3774 R
1130 3739 1184 3776 om.
1203 3722 1232 3774 L.
1245 3722 1331 3776 ed...-.

378 3799 412 3849 28
426 3796 614 3863 praetermisit
631 3794 668 3847 ed
797 3807 822 3814 ··
982 3833 985 3839 .
1278 3832 1281 3837 ,
1312 3832 1314 3834 »
