3250 4350
686 437 925 492 Annnmosm
1251 439 1317 503 273

297 608 345 664 ait
378 605 448 664 dare
480 605 626 665 classibus
659 608 789 680 austroS,
821 609 856 664 ut
883 606 921 664 ad
948 607 1052 683 fugam
1080 608 1202 682 paratas
1230 608 1316 666 navis

296 694 460 753 efficerent.
505 694 576 754 dare
606 697 685 753 enim
715 698 838 755 ventum
867 697 939 754 nari
968 698 1015 754 est
1043 695 1163 755 flatibus
1192 695 1316 771 obicere,

294 786 334 842 ut
358 785 408 860 agi
430 785 527 858 possit
550 786 632 843 auris
655 787 785 860 exceptis
808 786 840 843 et
862 784 993 843 velocius
1016 803 1141 843 currere.
1184 803 1249 858 erqo
1271 787 1316 844 in·

294 878 470 931 occuramus
487 873 632 948 Polydoro
650 874 742 946 furcos
760 878 787 932 ct
803 876 906 948 inoerre
924 875 1073 948 oronam
1090 874 1200 932 tumulo
1218 876 1316 933 tellus:

268 966 378 1021 ostani
395 963 532 1021 morines
551 980 622 1021 oroe
640 963 782 1021 coernler'e
798 964 1021 1022 monocerotis
1039 966 1161 1036 neroque
1181 980 1316 1036 cupresso

294 1056 324 1109 et
347 1053 456 1109 circam
472 1051 587 1110 Iliades
610 1052 718 1109 crinem
740 1053 775 1110 de
796 1068 876 1110 more
893 1053 1012 1111 solutae.
1047 1053 1203 1125 inferimus
1220 1053 1316 1124 tepido
1335 1059 1369 1108 oo

292 1141 469 1213 spernentia
487 1141 600 1216 cymbia
618 1141 691 1199 lecte
708 1142 864 1214 cononicis
883 1144 909 1199 ci
925 1143 1004 1199 sacri
1021 1145 1146 1214 pateras
1170 1142 1315 1200 unimam·

294 1247 353 1302 qne
380 1229 529 1301 sepulchro
552 1230 703 1288 condimus
726 1234 753 1287 et
773 1243 884 1302 norro
905 1247 1077 1302 sufferrem
1101 1247 1168 1289 noce
1194 1232 1315 1289 ciemns:

294 1319 374 1376 laesi
396 1336 498 1376 manes
520 1317 636 1393 placari
659 1318 823 1376 debuerant
845 1319 1062 1379 interveniente
1085 1337 1238 1378 sacrorum
1256 1319 1314 1377 sol-

268 1408 442 1466 olemnium
478 1409 547 1465 ritu.
598 1407 757 1466 accedebat
790 1407 870 1466 enim
902 1407 940 1465 ad
972 1410 1172 1483 expiationem
1208 1408 1315 1467 violati

296 1495 449 1570 sepulchri
481 1495 572 1553 etiam
603 1513 748 1572 personae
776 1499 928 1571 meritum,
957 1499 1029 1572 quia
1058 1497 1131 1556 civis
1158 1499 1257 1556 fueret
1284 1500 1315 1555 et

296 1583 405 1643 adfinis
423 1584 543 1643 Aeneae
564 1584 644 1643 filius
667 1587 746 1662 regis
769 1584 909 1660 quodque
927 1590 1084 1644 monuerat
1101 1590 1137 1645 ut
1155 1587 1314 1645 sceleratas

293 1678 395 1732 terras
427 1675 457 1730 et
489 1691 613 1732 ararum
645 1675 718 1733 litus
751 1673 874 1732 Troiani
905 1674 1109 1750 relinquerent
1140 1678 1170 1734 et
1202 1676 1314 1750 apertis

292 1762 439 1839 periculis
462 1761 668 1821 liberarentur.
706 1781 776 1840 ergo
798 1763 875 1822 talia
898 1766 970 1822 sunt
992 1763 1125 1822 exhibita
1148 1783 1224 1839 quae
1246 1782 1314 1839 pos-

268 1855 364 1911 ssent
388 1870 490 1910 curare
515 1852 595 1927 quod
613 1852 692 1911 male
709 1852 809 1910 fuerat
827 1855 944 1930 gestum
963 1855 992 1910 et
1011 1871 1086 1928 quae
1105 1854 1198 1911 talem
1217 1871 1314 1912 sacro·

292 1962 364 2000 rum
397 1940 524 2016 speciem
556 1940 794 2000 demonstrarent
827 1960 902 2016 quae
935 1943 1028 2000 etiam
1056 1943 1160 2000 statim
1186 1943 1313 2002 mortuis

292 2029 430 2089 exhiberi
457 2029 619 2088 consuevit.
664 2030 720 2088 hac
748 2031 902 2089 occasione
929 2033 1019 2105 poeta
1048 2031 1150 2089 docuit
1174 2031 1313 2106 quemad-

291 2120 420 2179 modum
441 2118 563 2186 talibus
578 2119 674 2178 causis
697 2120 794 2194 possit
817 2120 939 2179 occurri.

363 2210 440 2267 Inde
458 2210 509 2267 nbr'
521 2210 624 2282 orioro
641 2209 715 2280 fides
727 2209 834 2283 polono
847 2210 1024 2282 placatoque
1039 2211 1117 2268 renti
1130 2210 1203 2268 dont
1215 2211 1314 2268 morio
1333 2216 1367 2263 70

268 2303 322 2358 ort
342 2298 417 2356 lenis
436 2300 581 2370 crepitans
599 2301 682 2356 cocat
700 2302 798 2357 auster
816 2299 849 2356 in
867 2300 973 2357 cltum:
995 2317 1087 2356 unam
1109 2318 1172 2356 rem
1195 2298 1314 2372 copiose

293 2386 372 2444 dixit
401 2390 430 2445 et
458 2386 617 2445 ambitioso
645 2405 751 2464 genere
780 2405 855 2462 quae
883 2387 1070 2465 navigaturis
1102 2406 1137 2445 ex
1165 2388 1314 2445 sententia

292 2479 479 2549 occurrerat3
502 2494 573 2533 nam
595 2479 713 2551 tempus
735 2474 874 2534 fiduciam
898 2475 998 2551 dabat,
1021 2495 1081 2551 quo
1101 2480 1131 2534 et
1148 2495 1229 2534 mare
1247 2476 1313 2550 pla-

291 2565 396 2624 cidum
419 2565 519 2622 fuerat
541 2567 572 2623 et
593 2564 683 2624 flatus
706 2566 750 2622 ita
771 2564 940 2641 temperati,
958 2568 993 2623 ut
1011 2565 1137 2624 lenitate
1156 2565 1202 2624 sui
1220 2564 1312 2622 etiam

291 2656 408 2712 inritos
430 2654 547 2711 hortari
568 2653 737 2728 potuissent
760 2654 798 2712 ad
820 2654 1031 2732 navigandum.
1073 2654 1202 2728 denique
1224 2654 1312 2712 dedn-

268 2747 365 2803 scrnt
387 2745 458 2801 socii
479 2743 574 2809 nocis,
598 2760 673 2818 quas
696 2744 832 2802 mansuri
854 2743 1064 2815 subduxerant,
1088 2748 1114 2801 et
1136 2744 1224 2801 litora
1246 2758 1312 2801 oon

285 2834 388 2906 olent:
420 2834 449 2889 et
476 2830 645 2891 hominibus
673 2831 787 2890 scilicet
815 2836 845 2890 et
871 2832 998 2891 navibus
1026 2830 1190 2907 opplebant
1211 2832 1312 2906 litora,

292 2920 438 2997 quoniam
461 2919 597 2978 omnibus
621 2919 749 2980 abeundi
772 2919 874 2980 stabnt
896 2940 956 2979 una
979 2921 1135 2981 sententia.
1178 2922 1310 2995 procebi-

290 3028 362 3069 rnur
381 3013 472 3083 porro
495 3013 644 3081 terraeque
665 3011 807 3082 nrbesqne
829 3012 978 3068 recedunt:
1005 3012 1065 3070 cito
1088 3010 1165 3069 dixit
1187 3012 1311 3088 naviga·

290 3104 359 3157 tum
394 3101 424 3156 et
454 3097 487 3155 in
519 3099 615 3156 altum
645 3098 791 3173 producta
823 3099 959 3176 navigia,
990 3100 1022 3156 in
1049 3103 1168 3158 tantum
1195 3103 1230 3158 ut
1257 3117 1311 3158 nec

268 3193 376 3248 iterra
398 3186 460 3245 iam
482 3205 536 3245 nec
560 3187 650 3246 nrbes
678 3186 860 3246 riderentur.
905 3204 993 3246 sacro
1019 3189 1098 3246 rnori
1124 3189 1228 3246 colitur
1254 3206 1311 3247 rne-

290 3280 341 3336 dr'o
367 3277 539 3350 rrarcstna
566 3277 650 3334 telles
674 3276 836 3335 Nereidum
862 3278 952 3335 notri
979 3281 1006 3335 ct
1026 3277 1162 3349 Neptuno
1185 3275 1310 3349 Aeooeo,

290 3384 384 3440 quoru
414 3366 504 3438 prins
541 3367 701 3424 arcitenens
736 3382 805 3425 oras
842 3369 868 3425 et
903 3366 990 3424 litora
1025 3368 1134 3424 circum
1166 3370 1311 3424 errantem
1329 3371 1363 3420 τὸ

365 3543 382 3590 4
397 3552 476 3605 arere
489 3534 542 3587 La
556 3535 697 3605 cyrnon
710 3552 731 3587 r.
778 3539 794 3588 8
809 3551 958 3603 supernum
972 3534 1024 3586 LR
1038 3551 1106 3587 corr.
1116 3552 1138 3587 r.
1186 3539 1219 3586 12
1233 3534 1311 3600 filins

289 3608 345 3662 LR
359 3605 495 3672 etfiedl'.
547 3611 587 3660 16.
599 3606 795 3660 demontrant
808 3605 1012 3659 LRcorr.edF.
1065 3610 1097 3657 1⁷
1112 3606 1250 3660 concrevit
1258 3604 1310 3657 tn

288 3682 379 3734 -err'nt
393 3677 436 3731 ed.
454 3681 457 3746 Ι
473 3679 539 3731 hoec
552 3676 605 3729 La
617 3678 669 3731 boc
682 3694 696 3728 r
710 3676 753 3731 ed.
810 3682 844 3730 23
862 3678 909 3731 eri
921 3676 973 3729 LR
986 3694 1039 3731 eno
1053 3676 1119 3730 edF.
1175 3681 1209 3728 25
1228 3692 1310 3743 qnam

288 3751 343 3804 LR
363 3766 435 3819 qnos
448 3749 491 3803 cd.
507 3748 512 3819 Ι
528 3750 642 3817 complet
655 3747 698 3801 ed.
754 3752 787 3802 28
807 3749 911 3816 citoque
928 3748 981 3801 LR
999 3765 1049 3816 qne
1068 3746 1154 3801 delL
1168 3748 1194 3799 Π
1208 3764 1281 3801 man.
1296 3764 1311 3799 1·

288 3840 376 3893 quom
395 3822 449 3875 cito
467 3819 510 3874 ed.
585 3825 618 3872 32
633 3820 717 3887 prins
734 3817 786 3872 La
801 3821 870 3888 pins
887 3820 970 3889 Verg.
989 3818 1057 3872 libri
1075 3818 1211 3887 plerique.

345 3920 406 3961 Don.
419 3920 516 3968 interpr.
531 3919 600 3968 Verg.
621 3918 667 3958 vol.
674 3918 694 3959 1.
1066 3913 1104 3963 18
