3250 4350
653 419 838 474 assumes
856 421 895 475 lv
1220 421 1285 487 399

272 589 363 647 etiam
391 607 467 664 quae
495 589 623 649 duorum
649 591 769 648 tantum
796 592 992 650 conventione
1014 591 1098 650 nullo
1120 595 1197 650 teste
1220 611 1285 667 per·

270 677 418 736 ficiuntur.
452 682 578 738 noverat
600 679 679 738 enim
703 698 761 754 quo
785 697 893 757 genere
914 680 947 736 in
969 679 1088 738 Aeneae
1111 681 1195 739 velut
1217 699 1285 740 aon·

270 766 396 824 sortium
418 769 535 825 venerit
557 769 588 826 et
609 768 687 826 hano
708 770 827 844 partem
844 769 961 827 munire
979 768 1133 827 nitebatur
1150 772 1285 829 metuens

270 874 307 913 ne
330 855 387 914 sibi
411 855 577 915 obiceretur
599 857 679 932 quod
700 857 781 916 infra
798 857 916 916 Aeneas
940 857 1052 917 adserit
1070 857 1169 917 disens
1189 851 1283 940 (338)

237 961 341 1018 s„neo
369 947 503 1022 coniugis
516 965 673 1021 ,umquam
704 946 860 1021 praetendi
891 945 1022 1005 taedas“.
1068 948 1189 1022 incepta
1214 967 1285 1006 vero

269 1034 480 1108 dispositiones
513 1036 595 1108 sunt,
626 1038 662 1093 ut
692 1035 830 1111 plurimis
861 1034 935 1094 loeis
967 1037 997 1093 et
1029 1036 1108 1111 apud
1139 1036 1285 1112 plurimos

268 1124 378 1181 laetum
403 1126 456 1196 est,
483 1126 514 1182 et
536 1123 723 1183 definitiones
751 1125 920 1182 animorum
947 1124 1132 1201 significant,
1158 1128 1194 1183 ut
1219 1127 1284 1200 ipse

267 1212 419 1289 Vergilius
448 1206 493 1293 (1,
513 1205 570 1293 37)
599 1232 706 1288 „mene
733 1215 854 1289 incepto
882 1213 1024 1272 desistere
1053 1211 1207 1273 uotam?“
1254 1218 1285 1273 et

268 1301 429 1360 Sallustius
454 1294 535 1382 (hist.
559 1301 575 1360 1
600 1294 705 1383 74M.)
733 1321 822 1377 „nam
844 1302 920 1361 talia
943 1304 1077 1380 incepta,
1104 1305 1137 1361 ni
1159 1305 1192 1360 in
1214 1321 1283 1361 eon·

221 1409 252 1448 1⁰
267 1390 411 1449 saltorem
434 1393 607 1472 vertissent,
634 1390 816 1466 reipublicae
842 1393 957 1467 pestem
984 1391 1127 1450 factura“.
1172 1393 1283 1451 multos

267 1480 324 1536 hoe
346 1479 411 1538 loeo
434 1479 530 1538 trahit
552 1498 622 1555 pars
644 1481 707 1555 illa,
731 1481 811 1557 quod
833 1483 913 1539 inter
934 1481 1057 1540 Aenean
1082 1485 1113 1540 et
1135 1481 1284 1540 Didonem

267 1587 347 1626 nova
373 1570 543 1628 coniunctio
571 1569 727 1647 agebatur,
757 1572 787 1629 et
814 1569 856 1628 sio
878 1571 1013 1644 inceptos
1035 1570 1215 1646 hymenaeos
1236 1572 1283 1628 in·

266 1657 415 1735 tellegunt
443 1661 530 1732 quasi
556 1659 667 1717 receuti
694 1662 828 1734 tempore
851 1661 1028 1718 contractos.
1075 1659 1156 1734 quod
1179 1662 1283 1718 eontra

266 1748 325 1820 est3
362 1765 431 1804 nam
456 1748 490 1804 si
522 1749 567 1806 ita
599 1751 689 1822 esset,
725 1749 845 1823 coeptos
883 1747 1006 1822 diceret,
1042 1768 1102 1806 non
1139 1749 1280 1824 inceptos.

220 1855 251 1894 15
267 1837 347 1894 eerte
370 1838 400 1893 et
424 1836 539 1895 animus
564 1835 688 1896 Didonis
710 1836 913 1913 inspiciendus
936 1839 994 1910 est,
1018 1855 1094 1912 quae
1117 1839 1184 1895 vult
1205 1838 1282 1896 illud

267 1924 348 2000 quod
374 1926 487 2000 passim
515 1929 546 1985 et
572 1926 664 2002 vulgo
691 1925 804 1984 factum
833 1930 879 1984 est
907 1927 1132 1984 matrimonium
1162 1927 1222 1985 diei
1251 1929 1282 1984 et

265 2014 389 2072 Aenean
413 2016 530 2088 quaerit
553 2033 712 2074 consensus
735 2014 919 2090 praeiudicio
943 2005 1073 2092 coniugii
1096 2015 1213 2092 legibus
1231 2015 1280 2074 da·

265 2104 368 2161 tinere.
416 2122 468 2161 oro
495 2106 539 2180 te,
567 2103 594 2163 si
619 2104 704 2167 bene,
721 2103 796 2181 quid
823 2103 859 2161 de
885 2106 916 2161 ta
943 2103 1038 2161 merui
1065 2103 1125 2161 fuit
1147 2108 1202 2162 aut
1224 2103 1281 2162 libi

265 2192 428 2268 quiequam
461 2192 546 2253 dulae
577 2213 690 2252 meum:
727 2196 757 2253 et
784 2192 995 2253 beneficiorum
1022 2211 1144 2252 suorum
1172 2197 1202 2253 et
1230 2194 1281 2252 ad-

219 2301 249 2341 aa
265 2284 362 2340 faetus
390 2284 608 2342 coniunctionis
635 2282 730 2358 ipsius
757 2283 944 2359 intellegitur
966 2282 1100 2359 tetigisse
1124 2284 1279 2341 rationem.

265 2389 318 2429 oro
341 2375 380 2440 te,
403 2373 541 2431 miserere
565 2372 669 2431 domus
691 2371 833 2431 labentis:
859 2373 1045 2429 commoveat
1066 2375 1096 2429 te
1119 2371 1281 2446 miseratio,

264 2479 303 2518 ne
330 2478 445 2518 meeum
473 2464 664 2519 consumatur
688 2462 833 2519 memoria
855 2461 984 2518 nominis
1007 2460 1079 2534 mei,
1107 2461 1283 2519 scilicetne

263 2547 417 2608 labantem
436 2568 520 2624 spem
539 2569 637 2609 meam
660 2550 832 2609 adiumento
854 2549 901 2608 tui
924 2550 1075 2608 abscessus
1098 2549 1227 2624 inpellas
1250 2552 1281 2608 et

264 2641 388 2697 sternas.
435 2642 466 2696 et
488 2640 588 2713 istam,
611 2658 672 2714 oro,
695 2639 788 2714 siquis
813 2638 909 2697 adhue
931 2637 1067 2715 precibus
1090 2639 1182 2711 loeus,
1207 2655 1284 2697 exue

218 2746 247 2787 as
263 2730 408 2785 mentem:
432 2731 462 2785 et
485 2730 537 2801 sio,
559 2726 670 2803 inquit,
693 2727 831 2803 plurimis
854 2745 936 2803 rogo,
954 2729 998 2801 ut,
1016 2726 1068 2785 ubi
1092 2727 1188 2786 adhue
1209 2745 1282 2803 pars

263 2816 368 2891 aliqua
393 2818 523 2892 pectoris
550 2819 598 2876 tui
624 2820 713 2875 vaoat
741 2820 832 2891 atque
860 2818 914 2875 est'
932 2818 1063 2891 spatium
1092 2816 1171 2891 quod
1197 2834 1283 2875 meas·

262 2923 366 2980 praees
402 2908 545 2982 excipiat,
580 2905 735 2965 indefessis
772 2905 885 2964 viribus
921 2923 1028 2983 rogare
1063 2924 1123 2963 non
1159 2924 1278 2965 cessem.

263 2994 341 3052 dixit
364 3013 394 3053 se
417 2995 607 3053 morituram:
629 2998 664 3053 ut
687 2996 788 3053 autam
811 2993 949 3054 eradatur
968 2994 1000 3051 id
1018 3013 1105 3069 posse
1125 2997 1155 3052 et
1173 2994 1279 3053 debere

261 3082 412 3158 perficere,
436 3084 510 3142 dioit
532 3102 645 3157 causas,
668 3089 702 3143 ut
721 3083 838 3142 Aeneas
862 3101 1019 3142 eausamm
1036 3085 1170 3159 ipsarum
1189 3102 1280 3143 eausa

337 3312 454 3375 lepre
473 3309 555 3361 diuos
573 3306 602 3361 L.
694 3307 772 3361 ivel
790 3305 843 3358 th
866 3323 919 3361 om
939 3306 982 3359 ed.
1001 3306 1073 3360 uelut
1095 3324 1146 3360 nos
1171 3306 1277 3361 ef.1s‘1

262 3381 293 3431 et
313 3382 371 3431 338.
437 3379 575 3431 3aeaa’ret
592 3378 644 3431 th
662 3378 765 3433 venerit
783 3376 849 3431 eds.
918 3378 1003 3431 tsab
1022 3376 1075 3429 LR
1092 3377 1147 3431 sibi
1164 3396 1179 3429 r
1197 3378 1240 3432 ed.

262 3456 374 3504 omme
394 3465 444 3518 pro
467 3466 516 3503 aee
534 3448 593 3502 LR.
624 3452 628 3519 Ι
660 3450 799 3518 praecedit
820 3464 872 3517 pro
890 3449 1037 3517 precandi
1054 3448 1114 3502 th.
1145 3452 1149 3516 Ι
1182 3450 1278 3504 aedas

261 3537 316 3573 om.
332 3519 384 3572 th
400 3520 495 3573 omnia
510 3521 655 3574 eomedF.
712 3521 879 3575 {lautumias
897 3519 949 3572 LR
968 3518 1038 3572 alibi
1057 3521 1084 3573 ll.
1140 3525 1228 3573 9-10
1246 3522 1278 3574 rai

260 3592 416 3645 inconsulto
439 3593 609 3647 reuertissent
626 3591 678 3643 LR
697 3592 739 3645 ed.
760 3608 829 3645 corr.
848 3609 863 3643 r
886 3591 1014 3658 ef.1,37.
1103 3597 1135 3644 1⁹1
1154 3592 1278 3661 eeniayii

261 3662 456 3716 Laetam.
512 3669 546 3716 22
565 3662 853 3717 meaameeamnos
872 3662 979 3717 omed.
1035 3668 1068 3715 23
1088 3662 1276 3717 labentemed.

299 3738 334 3785 24
355 3750 470 3801 spernas
491 3734 544 3787 LR
566 3734 609 3789 ed.
633 3740 740 3788 sternas
762 3748 821 3787 nos.
911 3739 945 3787 25
964 3734 1096 3803 pluribus
1118 3733 1160 3787 ed.
1191 3736 1195 3802 l
1228 3751 1248 3788 e

259 3804 316 3859 LR
334 3804 377 3859 ed.
396 3810 427 3859 ut
445 3807 494 3860 abi
512 3821 571 3860 nos.
644 3809 678 3858 28
696 3802 833 3859 sufflare
850 3804 880 3857 L.
902 3804 906 3876 Ι
931 3810 1022 3859 amera
1040 3821 1093 3859 om.
1108 3804 1151 3859 ed.
