3250 4350
308 403 328 466 8
590 400 729 456 DONATI
746 399 917 457 INTERPR.
936 398 1044 454 VERG.

269 582 272 589 ·
308 588 380 646 gens
407 569 481 629 haec
509 570 653 629 secundae
676 570 884 646 propositioni,
907 589 944 628 ne
967 568 1099 628 hiulcam
1121 571 1235 629 laceret
1258 588 1322 628 nar·

307 658 462 717 rationem.
518 661 653 735 sequitur
684 661 784 719 altera·
809 677 877 717 eum
905 658 1108 735 propositione
1137 658 1260 733 divisio,
1292 661 1323 717 nt

309 747 447 806 ostendat
480 749 553 824 quid
579 749 695 808 Aeneas
726 748 815 808 fatali
847 749 977 821 ratione,
1010 747 1085 823 qnid
1116 750 1201 808 extra
1227 749 1323 807 fatum

280 878 282 882 ι
308 854 465 911 perpessus
489 839 542 909 sit3
565 856 635 896 nam
658 839 718 895 fuit
739 837 797 896 fati
820 839 855 894 ut
877 836 995 913 perdita
1017 838 1118 912 patria
1141 855 1198 896 sua
1219 839 1265 896 ire
1289 835 1324 895 all

308 924 430 984 Italiam
458 928 488 984 et
515 928 547 984 in
576 945 641 985 eam
664 927 765 985 venire
789 929 953 1002 cogeretur.
1001 944 1059 1000 quo
1082 927 1148 985 loeo
1171 925 1325 1003 Vergilius
1345 938 1367 985 sl

308 1014 430 1073 Aenean
461 1015 597 1090 perditae
629 1015 762 1074 civitatis
796 1015 919 1073 crimine
952 1014 1094 1089 absolvit,
1130 1015 1215 1074 nulla
1248 1014 1325 1074 euim
1366 1018 1367 1047 ¹

308 1103 397 1180 eulpa
426 1107 471 1163 est
499 1103 652 1163 defensare
679 1106 819 1179 nequisse
846 1103 927 1179 quod
953 1103 1090 1162 fataliter
1111 1103 1251 1163 interisse
1275 1104 1325 1163 dn·
1366 1152 1367 1161 ,

306 1192 399 1252 bituri
426 1212 486 1252 non
513 1196 641 1269 poterat.
696 1193 785 1253 simul
812 1194 962 1251 monstrat
988 1212 1048 1252 non
1075 1212 1203 1269 poenam
1233 1193 1326 1252 fuisse

309 1281 389 1357 quod
410 1281 502 1342 Asiae
529 1282 637 1342 finibus
666 1284 801 1342 exclusus
825 1281 942 1340 Aeneas
971 1284 1080 1340 amisso
1108 1281 1235 1359 genitali
1264 1282 1326 1341 solo

310 1372 396 1446 quasi
428 1372 496 1429 exul
526 1371 703 1430 trahebatur
737 1373 770 1429 in
805 1371 919 1429 alienas
955 1373 1065 1444 terras,
1102 1371 1154 1430 sed
1190 1372 1326 1449 gloriam.
1338 1387 1356 1429 c

309 1460 456 1534 optimum
484 1462 594 1536 quippe
622 1464 667 1520 est
693 1459 804 1519 ideirco
832 1478 960 1535 parvum
986 1459 1109 1536 perdere
1132 1478 1327 1535 unumquem-

310 1567 380 1623 que,
409 1551 445 1606 ut
472 1550 585 1608 ininore
613 1567 769 1624 percussus
798 1548 977 1608 detrimento
1002 1549 1124 1609 maioris
1147 1550 1193 1607 rei
1216 1550 1327 1608 emolu·

310 1639 411 1696 menta
439 1638 603 1712 conquirat.
658 1641 737 1697 certe
765 1641 795 1697 et
823 1637 900 1696 illud
927 1638 1128 1712 sentiendum,
1160 1657 1221 1696 non
1248 1638 1327 1696 malo

310 1727 441 1784 fatorum
469 1730 540 1785 voto
568 1726 672 1786 Iliensi
698 1728 825 1803 imperio
854 1725 1002 1785 excidium
1029 1729 1177 1800 extitisse,
1210 1725 1263 1785 sed
1292 1746 1327 1785 ne
1366 1730 1367 1735 ’

310 1817 388 1874 esset
416 1815 496 1891 qnod
523 1817 555 1874 in
583 1816 674 1874 Asiae
702 1817 839 1892 partibus
868 1835 935 1874 enm
963 1815 1110 1875 detineret
1137 1817 1190 1892 qui
1220 1815 1367 1876 consti-n

310 1904 421 1962 tuendo
445 1904 579 1963 Romano
607 1907 733 1981 imperio
762 1904 871 1984 dignus
899 1907 1004 1964 auctor
1028 1907 1059 1964 et
1082 1905 1219 1964 conditor
1240 1923 1326 1980 para-
1353 1978 1367 1988 Η

310 1993 408 2052 batur.
464 2012 534 2070 ergo
563 1994 643 2069 quod
671 1996 715 2054 ait
744 1995 850 2053 Troiae
882 1996 933 2066 qui
958 1996 1079 2067 primas
1106 1995 1143 2052 ab
1175 1996 1237 2052 oris
1265 1994 1327 2052 Ita·
1365 2014 1367 2027 ·

312 2083 383 2140 liam
414 2083 475 2154 fcto
503 2084 652 2157 profcpcs
679 2083 867 2155 Laviniaque
898 2085 977 2159 venit
1003 2083 1104 2152 litora,
1137 2083 1271 2141 fatorum
1298 2082 1328 2140 id

310 2171 428 2230 ratione
456 2174 616 2250 contigisse
645 2192 704 2231 non
730 2172 854 2232 dubium
882 2175 934 2233 est.
981 2172 1032 2232 sed
1058 2171 1262 2249 quaerendum
1286 2176 1328 2231 est

311 2280 364 2319 eur
385 2261 520 2335 posuerit
543 2261 728 2337 Laviniaque
752 2265 836 2321 venit
858 2262 958 2335 litora,
978 2281 1043 2321 oum
1067 2261 1200 2321 nondum
1223 2263 1360 2320 fuissetis

310 2351 367 2408 hoe
390 2349 449 2408 loci
472 2369 587 2424 nornen,
612 2370 646 2409 eo
671 2351 785 2409 seilicet
807 2354 943 2426 ternpore
967 2371 1025 2425 quo
1043 2350 1162 2409 Aeneas
1184 2352 1270 2409 venit
1293 2350 1329 2409 ad

310 2439 439 2497 Italiam.
486 2458 545 2497 non
574 2459 645 2517 ergo
672 2440 734 2497 iam
757 2444 831 2499 tunc
854 2441 974 2498 fuerant
999 2438 1127 2497 Lavinia
1149 2439 1256 2513 litora,
1280 2439 1330 2498 sed

311 2531 384 2586 tune
416 2547 484 2586 eum
516 2534 602 2606 gesta
633 2528 783 2589 veteribus
816 2528 943 2587 saeculis
971 2528 1123 2606 Vergilius
1154 2528 1329 2605 replicabat.

312 2617 372 2675 alia
386 2617 521 2693 Vergilio
544 2618 579 2677 fit
602 2636 702 2691 cause,
726 2620 797 2692 quia
821 2617 896 2676 dixit
918 2620 1051 2693 primum
1073 2618 1188 2677 venisse
1207 2617 1330 2677 Aenean

312 2704 351 2763 ad
378 2705 513 2779 ltaliam,
542 2725 609 2764 cum
637 2710 753 2765 constet
783 2706 874 2764 etiam
903 2706 978 2765 alios
1006 2726 1041 2765 eo
1069 2724 1132 2766 esse
1164 2710 1363 2782 pervectosss

312 2797 475 2868 antequam
494 2790 610 2855 Aeneas
629 2795 751 2854 Italiam
769 2797 930 2873 tetigisset:
955 2799 985 2853 et
1003 2815 1107 2854 verum
1125 2797 1179 2869 est,
1198 2795 1251 2854 sed
1272 2816 1330 2855 non

313 2883 350 2941 ad
374 2902 439 2941 eam
462 2883 570 2942 Italiae
593 2887 710 2960 partem
733 2886 765 2942 in
789 2903 849 2959 qua
873 2886 942 2942 sunt
964 2884 1093 2943 Lavinia
1115 2884 1215 2943 litora.
1261 2904 1330 2963 ergo

312 2975 342 3031 et
369 2973 484 3047 primus
512 2973 588 3048 feto,
618 2975 689 3047 quie
718 2974 772 3031 alii
800 2993 835 3031 ex
864 2976 971 3032 eventu
1000 2973 1038 3031 ad
1060 2973 1183 3032 Italiam
1211 2974 1332 3032 fuerant

313 3060 414 3134 delati,
437 3061 554 3120 Aeneas
578 3082 648 3120 vero
673 3062 842 3137 conpulsus,
866 3063 947 3137 quia,
971 3062 1048 3121 sieut
1070 3063 1174 3121 multis
1193 3062 1268 3122 locis
1288 3067 1332 3121 est

311 3150 456 3225 positum,
485 3151 575 3209 aliam
603 3154 715 3209 terram
738 3154 839 3210 tenere
862 3170 920 3209 non
944 3154 1064 3226 poterat
1086 3154 1135 3210 cui
1157 3152 1258 3211 fuerat
1283 3152 1330 3210 de·
1343 3167 1367 3210 ss

312 3241 393 3297 crete
416 3238 508 3297 Italia
530 3242 563 3297 in
587 3258 621 3298 ea
645 3243 731 3315 parte
755 3240 787 3298 in
810 3259 870 3315 qua
894 3240 931 3298 ab
955 3259 989 3298 eo
1008 3240 1167 3299 Lavinium
1187 3241 1331 3317 oppidum

312 3327 465 3386 conditum
499 3331 551 3386 est.
608 3348 678 3406 ergo
711 3329 865 3406 colligitur
896 3329 1079 3403 intellectuS,
1111 3333 1146 3387 ut
1177 3330 1241 3388 fato
1271 3350 1331 3390 uon

386 3504 399 3550 1
417 3499 620 3566 praepositioni
633 3497 686 3550 LR
696 3499 883 3566 propositioni
896 3515 909 3550 r
928 3498 988 3551 edl:
1009 3497 1043 3551 cf.
1059 3497 1135 3565 quod
1149 3502 1262 3567 spectat
1276 3499 1331 3554 Do-

312 3571 396 3621 natus
417 3574 441 3634 7,
456 3574 490 3621 37
510 3584 610 3623 novum
629 3569 773 3623 escidium
791 3570 931 3623 carminis.
1021 3575 1037 3622 6
1053 3570 1179 3637 perditae
1196 3570 1251 3624 LR
1264 3587 1331 3640 pro·

314 3642 388 3694 ditae
407 3640 450 3694 ed.
471 3640 505 3693 cf.
526 3644 626 3706 2199.
683 3646 715 3693 12
736 3640 992 3694 ciminorelned.
1012 3648 1114 3694 utem.
1134 3640 1167 3693 R.
1220 3647 1253 3695 17
1270 3644 1330 3711 pn'·

306 3713 363 3763 etis
376 3711 406 3763 L.
502 3716 539 3765 18
555 3712 734 3781 Laviniaque
752 3711 806 3765 LR
824 3712 988 3780 Lavinaque
1005 3729 1020 3763 r
1039 3711 1081 3765 ed.
1176 3717 1210 3765 24
1229 3714 1262 3781 fit
1279 3713 1332 3766 LR

284 3780 382 3840 seesi-
393 3781 437 3833 ed,
454 3785 549 3850 spuria
558 3784 615 3838 th
630 3803 689 3854 qua
704 3785 749 3840 ed.
799 3790 835 3839 32
850 3790 882 3839 ut
896 3782 1021 3852 fatonis
1033 3784 1134 3836 scilieet
1143 3782 1333 3849 interponet
