3250 4350
654 431 838 487 AENEIDOS
856 431 895 484 VI
1216 429 1282 494 615

218 635 232 675 ,
262 605 328 662 iam
355 605 458 664 factas.
503 604 549 662 lie
575 619 637 661 rem
663 603 832 662 Romanam
859 618 965 674 mapno
997 600 1131 658 imbante
1156 600 1284 658 tamaltn

218 714 231 766 '2
261 695 346 752 sistet
373 710 470 767 eones:
501 692 561 767 hic,
589 693 703 768 inquit,
730 692 881 750 labantem
904 688 1037 748 firmabit
1057 688 1282 763 rempublicam.

218 804 223 857 '1
262 785 372 841 sternet
392 781 504 839 Poenos
529 780 705 855 Gallumque
726 780 872 841 rebellem:
894 797 955 837 non
973 797 1066 836 unum
1084 775 1213 852 Gallum,
1232 775 1284 835 sed

218 864 228 948 ,'
265 867 399 929 Galliam
419 871 529 945 totam3
552 869 697 929 variando
716 871 797 929 enim
815 885 953 927 numeros
971 865 1094 926 meliore
1112 867 1284 942 eloquentia

218 956 248 1036 'fs
265 961 299 1018 et
316 957 431 1018 Poenos
453 960 551 1035 ipsius
573 960 685 1018 virtute
709 976 831 1018 casuros
854 957 932 1016 dixit
949 959 979 1014 et
999 954 1110 1033 Gallos.
1145 958 1285 1028 tertiaqae

218 1088 223 1125 ,
265 1065 355 1107 arena
374 1050 460 1121 patri
485 1050 642 1121 semema
667 1053 753 1121 capta
777 1047 916 1122 Qnirirm:
948 1047 1037 1121 capta
1065 1064 1149 1104 arma
1175 1044 1284 1103 tatius

218 1176 223 1212 ,
263 1138 332 1213 ipse
354 1139 435 1213 patri
459 1135 583 1206 Qun-ino
608 1138 774 1213 suspendet.
812 1135 872 1196 duo
891 1136 1002 1211 quippe
1022 1136 1090 1192 ante
1109 1133 1284 1209 ipsumhoc

264 1226 373 1286 smisso
402 1226 599 1305 intellegendi
630 1229 713 1301 sunt‚'
746 1225 866 1301 quando
902 1225 952 1284 hic
988 1223 1137 1282 adseritur
1167 1225 1283 1282 tertius.

264 1319 353 1388 atam
374 1316 421 1374 lm‘o
437 1313 556 1376 Ameas
579 1316 655 1389 (mea
677 1332 803 1390 naamm
821 1317 865 1374 ire
882 1314 998 1373 videbat
1015 1313 1160 1386 eareaiam
1177 1313 1338 1385 formaeeo

218 1423 247 1469 ιο
264 1405 401 1464 arranem
431 1409 458 1464 et
487 1405 666 1479 falamttbas
697 1407 804 1472 amnis,
832 1405 883 1463 sed
909 1405 993 1476 frans
1020 1402 1098 1461 laeta
1120 1420 1233 1476 param
1260 1405 1286 1460 et

266 1494 374 1554 deiecto
401 1494 516 1552 lmmina
544 1492 656 1566 mmm:
687 1496 717 1552 et
743 1493 792 1552 hic
815 1493 900 1552 locus
922 1490 1160 1567 interrumpendi
1182 1508 1286 1549 narra-

265 1583 360 1641 tionis
379 1584 634 1642 continuationem
652 1584 763 1641 retinet
781 1600 910 1642 causam.
941 1582 1192 1659 interrogationes
1207 1581 1286 1638 enim

267 1674 300 1730 et
326 1672 532 1746 responsiones
560 1690 620 1730 non
647 1672 766 1730 tantum
788 1671 923 1730 taedium
945 1689 1005 1728 non
1027 1670 1151 1743 habent,
1179 1668 1230 1728 sed
1255 1670 1285 1727 et

265 1759 416 1820 iucundae
448 1763 531 1834 sunt,
564 1759 644 1836 quod
676 1778 769 1838 genus
801 1761 834 1817 in
864 1759 991 1836 dialogis
1022 1761 1165 1835 praestat.
1211 1760 1285 1832 qais,

218 1853 361 1924 sopater,
384 1850 433 1910 ille
456 1852 553 1909 airmm
576 1851 692 1922 amaia
714 1851 868 1907 comitatur
891 1851 1012 1915 emtam,
1031 1847 1113 1920 alias
1136 1865 1213 1907 anne
1231 1848 1285 1906 ali-

267 1939 336 2012 anis
357 1955 467 2012 maana
490 1940 525 1998 de
547 1941 638 2011 sarpa
659 1939 815 2012 nepetam?
845 1939 896 2012 qai
922 1939 1059 2010 strepitus
1086 1937 1165 1996 eirea
1192 1938 1341 1995 comi-866

267 2028 352 2086 mm?
379 2030 522 2101 qmantmm
548 2031 645 2087 instar
671 2029 705 2087 in
730 2028 817 2100 ipsa?
843 2027 894 2085 sed
920 2043 979 2084 noa
1007 2030 1075 2085 atra
1101 2031 1190 2099 aapat
1212 2027 1287 2084 tristi

268 2115 459 2176 circumvolat
479 2118 599 2177 ambra:
629 2136 696 2177 cum
718 2114 836 2176 Aeneas
858 2117 944 2174 iuxta
966 2114 1141 2174 Marcellum
1164 2114 1288 2174 vidisset

268 2208 408 2265 iuvenem
441 2209 520 2266 stare
555 2207 707 2284 egregium
743 2207 840 2265 forma
876 2208 966 2281 atque
1004 2206 1094 2264 armis
1131 2204 1286 2282 insignem,

221 2315 253 2356 so
268 2296 370 2355 fronte
392 2297 495 2355 tamen
517 2314 624 2371 parum
646 2296 736 2369 laeta,
758 2296 815 2355 hoc
838 2297 883 2353 est
900 2295 983 2353 tristi
1001 2297 1032 2353 et
1049 2293 1182 2369 proiecto
1200 2293 1288 2353 vultu

269 2383 310 2443 ad
332 2387 456 2443 terram:
481 2386 557 2459 quis,
580 2384 689 2459 inquit,
711 2385 768 2443 iste
792 2386 882 2458 esto
905 2386 1000 2459 pater,
1018 2385 1071 2459 qui
1092 2384 1172 2441 inter
1194 2382 1287 2458 pluri-

269 2490 335 2531 mos
365 2472 501 2532 Marcelli
532 2474 655 2533 comites
687 2472 747 2549 ipsi
763 2473 826 2531 illi
857 2473 1038 2531 familiarius
1069 2474 1190 2531 iunctus
1222 2468 1287 2530 est?

268 2562 351 2621 filius
374 2565 420 2622 est
443 2580 482 2621 an
505 2562 615 2637 aliquis
637 2565 826 2638 posterorum
849 2564 912 2620 eius
935 2561 984 2619 vel
1007 2582 1042 2620 ex
1070 2561 1132 2621 eius
1161 2558 1289 2637 genere?

269 2651 320 2710 vel
352 2645 426 2726 quid
458 2649 516 2709 sibi
548 2652 614 2710 vult
650 2651 792 2726 strepitus
830 2653 1027 2727 congregatae
1063 2647 1288 2707 multitudinis?

224 2757 254 2801 re
269 2740 372 2816 placet
404 2740 483 2798 enim
514 2740 590 2797 mihi
621 2739 718 2798 instar
749 2741 826 2812 eius,
858 2740 915 2798 hoe
944 2741 990 2796 est
1017 2739 1149 2813 corporis
1179 2739 1288 2797 forma:

269 2828 400 2889 sedeur
422 2827 562 2888 tenebrae
586 2831 676 2904 caput
699 2830 762 2888 eius
785 2827 969 2887 fuscaverint
989 2846 1075 2887 nosse
1094 2828 1190 2902 cupio.
1228 2832 1289 2886 tmm
1324 2840 1327 2844 ·

263 2922 356 2993 pater
377 2914 520 2978 Anchises
543 2919 674 2976 lacrimis
696 2920 845 2990 inpressas
868 2912 988 2975 obortis:
1014 2915 1176 2975 secundum
1200 2936 1289 2992 quae·

270 3009 332 3067 sita
359 3008 484 3065 instruit
509 3005 608 3064 filium
635 3004 779 3065 Anchises
807 3006 947 3065 lacrimas
973 3005 1108 3065 fundens.
1154 3023 1170 3064 o
1193 3010 1289 3079 anate,

270 3099 415 3170 ementem
438 3094 548 3155 laetam
569 3113 606 3154 ne
628 3112 734 3167 qaaere
757 3099 887 3153 tamam:
919 3095 1022 3169 nolim,
1044 3094 1097 3169 fflj,
1120 3113 1197 3170 quae
1220 3097 1291 3153 sunt

225 3200 256 3243 so
270 3184 403 3261 lugenda
430 3183 586 3259 perquiras
614 3202 668 3242 nec
694 3184 785 3243 velim
813 3186 889 3243 scias
912 3186 1033 3243 tuorum
1057 3185 1190 3259 adversa,
1213 3202 1290 3259 quae

345 3392 361 3439 2
380 3388 457 3455 eonio
475 3386 501 3439 V
519 3389 552 3440 ut
569 3386 595 3440 a
612 3386 670 3441 Ver
691 3387 739 3440 ‘'.
757 3391 762 3458 1
781 3390 914 3455 formabit
931 3389 957 3442 V
975 3407 1044 3444 corr.
1064 3390 1106 3443 ed.
1168 3395 1184 3441 6
1199 3388 1292 3457 paee

271 3458 305 3512 V.
330 3461 334 3526 Ι
360 3461 455 3525 capita
467 3457 500 3511 V.
523 3462 526 3528 Ι
552 3460 646 3527 capita
703 3466 837 3529 captaque
855 3461 898 3514 ed.
918 3468 999 3529 capta
1017 3476 1075 3513 nos.
1133 3466 1164 3512 11
1184 3461 1290 3513 imam-

267 3529 379 3600 pendae
396 3528 422 3582 V
441 3530 484 3583 ed.
504 3531 722 3599 interrumpendi
740 3546 798 3583 nos.
830 3533 834 3599 Ι
867 3533 1027 3587 narrationi
1045 3532 1088 3584 ed.
1176 3536 1208 3584 12
1227 3546 1290 3584 eon-

271 3600 442 3655 tinaationis
459 3602 503 3655 cd.
570 3606 604 3654 1e
623 3602 671 3670 qai
688 3600 857 3669 strepitnaV
891 3604 937 3657 ais
953 3609 1001 3657 atr.
1017 3602 1060 3656 ed.
1130 3607 1162 3655 17
1182 3603 1213 3654 in
1232 3602 1292 3671 ipso

271 3672 297 3725 V
318 3677 358 3726 est
376 3671 441 3724 add.
456 3671 500 3724 ed.
574 3676 607 3725 18
626 3674 707 3726 imata
725 3671 751 3723 V
773 3672 849 3727 eirca
898 3672 921 3727 0
941 3673 984 3727 ed.
1057 3679 1091 3726 22
1111 3674 1168 3741 ipse
1186 3673 1232 3724 illi
1249 3672 1294 3733 (a-

271 3740 450 3797 miliarioeV
468 3744 524 3810 mei
540 3758 591 3795 nos
610 3744 683 3797 rias
700 3741 745 3798 ed.
801 3748 913 3799 aa-‘la
931 3751 972 3800 eat
987 3746 1067 3813 filias
1080 3749 1122 3797 est
1134 3742 1159 3793 V
1177 3742 1258 3791 xnus.
1269 3737 1321 3785 eu.

322 3816 359 3865 28
376 3812 498 3865 mama
512 3813 637 3879 frendens
656 3813 690 3869 V.
712 3817 716 3887 l
744 3822 812 3873 nate
834 3817 880 3873 od.
950 3820 990 3871 bb
1009 3810 1168 3870 cellimV.
