3250 4350
668 421 875 476 PRAEFATIO
1242 422 1282 477 IX

261 591 414 665 sumptum
448 590 544 648 fertur
576 607 611 649 ex
641 590 738 650 veteri
774 590 1000 664 consuetudine,
1038 592 1149 649 sicuti
1183 593 1282 650 retro

259 678 501 753 meminimus,
527 698 562 736 ex
584 697 667 738 more
689 678 854 752 iudicum“,
881 698 941 738 non
965 679 1003 737 ad
1026 679 1168 738 amissum
1191 699 1282 755 quen-

261 768 332 826 dam
355 768 637 845 interpretationum
661 769 760 827 locum
783 768 971 827 referendum
995 771 1048 844 est,
1067 767 1118 827 sed
1140 769 1178 828 ad
1197 789 1282 846 supe-

260 857 372 916 riorem
400 852 514 916 Donati
540 857 633 916 vitam
667 848 719 937 (cf.
742 857 860 932 ,retro“
886 860 914 930 7,
934 849 1027 939 474):
1064 861 1157 917 semet
1183 860 1282 934 ipsum

264 945 415 1021 quondam
436 947 470 1004 in
493 946 611 1006 iudiciis
634 949 786 1005 versatum
809 965 873 1007 esse
896 945 983 1020 dicit,
1012 964 1138 1022 quorum
1161 965 1282 1006 consue·

263 1034 377 1095 tudinis
401 1053 432 1095 se
455 1037 586 1111 peritum
609 1037 702 1094 etiam
731 1039 759 1110 1,
780 1037 843 1095 506
873 1036 1012 1095 ostendit.
1058 1035 1110 1095 sed
1132 1038 1168 1094 ut
1191 1034 1282 1104 Quin·

263 1123 389 1183 tilianus
414 1123 451 1182 ab
475 1124 592 1183 actione
615 1126 728 1185 forensi
751 1125 789 1183 ad
817 1125 933 1184 scholas
960 1125 1112 1184 habendas
1138 1126 1282 1183 transisse

263 1213 393 1287 videtur,
416 1214 443 1272 si
466 1213 586 1288 quidem
608 1214 665 1272 hoc
686 1233 747 1273 non
770 1216 880 1273 temere
904 1234 931 1273 v.
947 1214 973 1273 d.
989 1213 1112 1272 Hoeven
1130 1233 1166 1272 ex
1183 1213 1282 1273 verbis

262 1301 323 1360 illie
347 1295 493 1377 prooemii
513 1322 541 1378 p.
557 1303 577 1360 4
597 1301 676 1361 effici
693 1303 760 1361 vult
778 1302 965 1380 „Vergilium
983 1321 1044 1361 non
1062 1303 1282 1379 grammaticae,

263 1390 314 1449 sed
334 1393 469 1449 oratores
486 1393 662 1467 praecipuos
680 1391 798 1451 tradere
817 1389 981 1450 debuisse“.
988 1383 1014 1472 1)
1044 1391 1146 1450 eodem
1166 1394 1282 1466 spectat

263 1478 344 1554 quod
369 1479 429 1537 alio
446 1480 592 1555 prooemii
610 1481 675 1539 loco
693 1500 722 1556 p.
739 1481 757 1538 6
778 1481 964 1558 „Vergiliani
982 1481 1122 1539 carminis
1140 1480 1281 1539 lectorem

262 1569 421 1627 rhetoricis
444 1571 611 1644 praeceptis
629 1568 739 1628 instrui
757 1568 862 1646 posse“
881 1569 963 1628 dicit.
1000 1572 1126 1644 c'umque
1145 1559 1294 1628 Donatus

264 1658 334 1716 stilo
362 1657 538 1734 plerumque
564 1658 628 1733 ipse
655 1676 728 1718 usus
756 1658 969 1718 declamatorio
994 1677 1054 1717 uno
1077 1658 1142 1717 loco
1169 1661 1196 1732 7,
1217 1659 1280 1717 359

263 1748 338 1806 satis
366 1748 519 1806 extensam
548 1747 797 1806 declamationem
824 1747 951 1806 Amatae
979 1747 1138 1805 conubium
1163 1746 1282 1806 Aeneae

263 1835 466 1895 dissuadentis
481 1853 655 1911 componere
670 1855 729 1895 non
744 1836 937 1911 dubitaverit,
950 1839 1030 1895 recte
1042 1836 1075 1894 id
1089 1855 1116 1894 v.
1125 1835 1282 1895 d.Hoeven

263 1925 416 1984 hominem
444 1924 569 2000 prodere
593 1925 751 1984 rhetoricis
775 1925 923 1984 exercitiis
947 1928 1098 1985 assuetum
1121 1924 1281 1984 contendit.

263 2013 340 2071 mihi
368 2012 488 2089 quidem
512 2015 714 2090 praeceptoris
737 2014 909 2074 scholastici
930 2015 986 2073 hoc
1010 2033 1129 2090 quoque
1153 2032 1215 2072 esse
1237 2013 1282 2071 vi·

264 2102 362 2178 detur,
381 2102 460 2178 quod
483 2104 515 2161 in
538 2104 691 2179 prooemio
713 2123 743 2180 p.
761 2105 780 2162 5
805 2121 872 2162 enm
896 2103 971 2162 alios
994 2103 1147 2178 „diversae
1169 2102 1282 2179 profes·

265 2194 358 2251 sionis
378 2194 408 2251 et
426 2192 609 2252 diversarum
632 2195 793 2253 sectatores
812 2192 941 2251 artium“
959 2195 992 2250 in
1010 2192 1150 2267 Aeneide,
1169 2193 1283 2251 scilicet

265 2300 337 2340 suae
364 2280 621 2357 interpretationis
649 2282 775 2357 auxilio,
805 2285 980 2342 inventuros
1010 2282 1159 2341 declamat
1185 2282 1282 2357 „quod

265 2367 410 2443 discant“,
428 2373 492 2428 tum
511 2373 608 2445 „aives
632 2373 762 2447 optimos
786 2376 817 2431 et
834 2374 951 2448 patriae
969 2371 1203 2447 spectatissimos
1222 2372 1282 2429 cul·

264 2457 365 2519 tores“
394 2461 424 2518 et
451 2461 522 2534 „qui
551 2478 582 2519 se
614 2462 719 2535 aptent
751 2461 788 2519 ad
820 2461 941 2521 deorum
974 2460 1090 2520 cultum
1121 2461 1283 2535 futuraque

265 2546 417 2606 noscenda
437 2548 609 2626 magisterio
634 2550 696 2608 eius
720 2549 830 2608 instrui
852 2549 964 2625 posse“.
1002 2551 1111 2608 mirum
1135 2551 1214 2607 enirn
1237 2551 1283 2608 est

267 2638 414 2711 quantum
440 2636 514 2696 haec
541 2656 606 2696 cum
636 2640 675 2697 iis
699 2642 865 2715 congruant
888 2658 963 2713 quae
987 2637 1102 2697 Statius
1124 2640 1157 2695 in
1180 2638 1282 2696 eadem

267 2744 359 2800 quam
391 2743 482 2801 supra
512 2728 676 2785 memoravi
708 2727 785 2786 silva
817 2747 844 2786 v.
871 2729 933 2786 176
949 2747 1013 2803 sqq,
1044 2728 1079 2785 de
1112 2728 1208 2804 patris
1236 2728 1283 2785 sui

267 2814 370 2873 schola
392 2814 560 2890 praedicat:
583 2834 669 2890 „mox
693 2818 723 2875 et
741 2816 920 2875 Romuleam
942 2818 1065 2893 stirpem
1088 2835 1282 2891 proceresque

266 2904 385 2962 futuros
412 2904 535 2964 instruis
558 2906 649 2979 inque
672 2908 794 2980 patrum
817 2906 945 2984 vestigia
968 2907 1074 2965 ducere
1096 2903 1230 2982 perstas“
1253 2908 1283 2964 et

267 3010 370 3065 „arma
397 2991 540 3068 probatus
569 2996 744 3053 monstrasti
772 2993 862 3053 Saliis
893 3013 1130 3073 praesagumque
1162 2994 1284 3053 aethera

267 3082 342 3140 certi
374 3080 555 3159 auguribus“
587 3086 641 3142 etc.
674 3075 725 3164 (of
748 3084 883 3143 Vollmer
910 3103 939 3158 p.
962 3076 1050 3164 541).
1097 3102 1115 3141 a
1145 3083 1282 3141 lautioris

267 3170 348 3229 vitae
375 3170 508 3230 moribus
536 3190 604 3230 eum
630 3192 690 3231 non
719 3172 850 3232 alienum
878 3172 969 3231 fuisse
997 3192 1064 3231 cum
1090 3173 1207 3247 reliqua
1230 3172 1283 3229 Di·

268 3257 354 3318 donis
383 3260 514 3318 convivii
540 3260 700 3336 descriptio
722 3265 789 3320 tum
811 3280 890 3320 unus
912 3262 995 3321 locus
1021 3265 1049 3335 1,
1065 3263 1127 3320 638
1152 3260 1284 3320 ostendit

269 3340 318 3428 (cf.
340 3349 370 3422 8,
391 3340 478 3429 180).
524 3350 679 3427 religionis
703 3349 890 3410 Christianae
915 3371 953 3410 ne
980 3353 1134 3411 minimam
1162 3349 1282 3425 quidem

267 3436 408 3495 notitiam
431 3438 576 3513 praefert3
605 3457 676 3497 nam
699 3439 779 3514 quod
805 3442 855 3513 10,
876 3442 939 3499 325
964 3440 1000 3499 de
1023 3440 1199 3515 „execrabili
1223 3457 1284 3497 sce-

342 3591 367 3659 1)
387 3589 570 3659 quamobrem
589 3589 670 3645 valde
688 3591 775 3645 miror
793 3591 870 3661 quod
889 3590 1043 3645 Schanzius
1062 3590 1161 3645 Gesch.
1176 3590 1203 3642 d.
1214 3595 1282 3643 rdm.

269 3661 322 3716 Lit.
342 3660 418 3728 ΝΑ
440 3680 467 3731 p.
483 3667 534 3715 162
558 3662 712 3729 Donatum,
735 3662 986 3731 grammaticorum
1012 3662 1110 3735 palam
1137 3661 1292 3717 inimicum

269 3734 313 3802 (cf.
334 3749 457 3813 prooem.
479 3739 501 3797 1,
515 3738 553 3785 75.
575 3739 631 3787 179.
652 3739 676 3802 4,
688 3739 746 3789 626.
772 3740 797 3803 5,
810 3742 827 3791 2
841 3735 899 3811 al),
923 3736 1001 3795 inter
1021 3738 1234 3813 grammatieos
1249 3752 1306 3808 po·

267 3805 323 3855 tius
338 3819 420 3866 quam
435 3804 512 3853 mter
523 3802 652 3859 rhetores
669 3813 829 3867 enumerat.
