3250 4350
676 451 859 507 acuamus
877 452 916 506 111
1243 452 1309 517 343

292 623 410 679 utinam
436 622 595 680 mansisset
617 621 753 695 fortuna,
780 620 853 697 quia
875 621 1012 681 dicturus
1036 625 1080 681 est
1103 640 1134 681 se
1157 625 1239 681 metu
1263 640 1308 682 so·

291 712 408 769 ciorum
425 710 563 768 relictum
581 712 613 769 in
631 710 693 769 illis
711 711 806 789 terris¹
819 710 917 769 Ulixis
940 712 1081 770 comitem
1104 729 1167 770 esse
1190 711 1308 770 desisse.

290 800 400 874 incipit
432 798 528 858 dicere
561 818 638 874 quae
669 799 757 858 illum
785 799 881 877 agitet
906 801 1042 859 fortuna:
1077 801 1125 860 ieie
1150 818 1209 868 me,
1237 802 1309 859 dum

292 889 398 961 trepidi
434 888 565 947 crudelia
601 890 706 948 iimiua
737 889 886 963 iiuqmud,
922 891 1094 949 inmemores
1124 890 1196 948 socii
1226 892 1309 949 uasto

265 977 428 1051 sOqciopis
450 978 482 1035 iu
505 981 590 1035 autre
613 979 771 1046 deseruere,
795 981 830 1036 ut
853 977 1020 1037 ostenderet
1042 997 1103 1037 non
1123 976 1194 1053 ,odio
1217 978 1309 1036 inter·

291 1067 430 1124 veniente
452 1067 590 1125 relietum
614 1085 645 1126 se
667 1066 730 1125 illic
749 1080 829 1142 esse‚·
840 1066 891 1125 sed
909 1069 991 1125 metu
1009 1066 1136 1142 periculi
1154 1066 1309 1140 evidentis,

290 1157 322 1212 in
348 1174 406 1229 quo
426 1154 551 1230 quisque
571 1155 628 1214 sibi
645 1157 746 1231 potius
766 1155 940 1216 consulebat
960 1175 1050 1231 quam
1070 1156 1167 1215 alteri
1204 1155 1308 1215 domus

289 1246 375 1302 sauie
397 1243 579 1317 dapibusque
601 1247 728 1303 cruentis
748 1246 829 1304 emtus
851 1262 952 1319 opaca,
974 1247 1085 1319 iuqeus,
1108 1246 1171 1319 ipse
1193 1245 1308 1303 arduus
1406 1263 1416 1279 ²

291 1334 408 1406 altoque
421 1333 526 1406 puisat
541 1334 641 1393 sidera
659 1331 725 1407 (dii,
744 1335 831 1393 talem
848 1336 936 1393 terris
954 1337 1074 1394 coemite
1085 1333 1225 1407 pesteral)
1248 1338 1363 1392 uestro

250 1444 276 1483 m
290 1424 357 1480 oisu
375 1422 482 1495 facitis,
501 1422 609 1498 inquit,
626 1440 679 1482 uec
695 1423 775 1483 dictu
793 1424 935 1496 adfabilis
957 1423 1020 1491 ulii,
1042 1423 1202 1482 oisoemlms
1223 1425 1307 1481 mise-

289 1529 392 1569 rorum
419 1514 446 1570 et
469 1513 615 1585 sauquiree
641 1514 765 1571 uescitur
792 1516 864 1571 atro.
911 1511 988 1570 dixit
1013 1511 1101 1587 haec,
1128 1512 1201 1571 dicit
1228 1511 1307 1588 unde

289 1600 393 1658 eadem
410 1602 478 1675 ipsa
496 1600 571 1660 scire
589 1601 698 1676 potuit,
716 1600 841 1677 proinde
859 1600 1016 1677 descripsit
1035 1599 1172 1676 Cyclopis
1191 1602 1307 1677 magni-

289 1690 426 1748 tudinem
454 1708 488 1748 ac
515 1690 679 1762 feritatem,
710 1691 830 1749 antrum
858 1692 958 1749 autom
986 1692 1162 1750 conveniens
1190 1689 1306 1749 habita·

288 1780 364 1837 toris
392 1779 506 1838 formae
534 1780 565 1837 et
593 1778 672 1854 quod
700 1778 827 1853 praedas
855 1778 1000 1838 maximas
1023 1796 1128 1854 capere
1150 1781 1306 1854 potuisset,

249 1887 274 1927 15
289 1886 320 1926 se
348 1871 449 1926 autem
476 1868 614 1926 relictum
642 1887 660 1927 a
687 1869 789 1940 sociis
817 1888 884 1927 cum
912 1869 1063 1945 fugerent,
1089 1868 1170 1926 dicit.
1215 1867 1306 1926 simul

290 1957 382 2014 etiam
418 1960 566 2015 monstrat
602 1956 810 2015 crudelitatem
845 1956 951 2015 beluae
988 1957 1145 2032 probatam
1184 1975 1306 2015 suorum

288 2046 424 2120 exemplo
448 2064 483 2103 ac
505 2064 589 2105 nece:
612 2046 675 2106 uidi
697 2050 811 2120 eportet,
831 2047 889 2105 duo
907 2044 943 2105 de
959 2062 1081 2104 umuero
1099 2062 1165 2103 cum
1183 2062 1306 2119 corpora

287 2137 386 2193 uestro
416 2152 530 2209 prmsa
565 2128 658 2195 mauu
694 2153 803 2210 maqua
840 2134 934 2195 medio
965 2136 1123 2209 resupiuus
1155 2136 1188 2195 iu
1220 2138 1305 2194 aratro

287 2225 437 2298 frouqcret
459 2225 500 2283 ad
521 2242 628 2284 sapum
649 2227 788 2299 cauteque
810 2242 932 2298 aspersa
949 2227 1087 2284 uotoreut
1103 2225 1217 2293 iimina,
1234 2225 1358 2283 ridicas

246 2333 274 2373 eo
289 2318 353 2371 atro
377 2331 443 2372 eum
464 2315 595 2373 membra
617 2317 740 2387 slueutia
762 2315 829 2374 tabo
852 2316 1003 2373 mauderet
1025 2319 1051 2372 et
1072 2315 1178 2388 trepidi
1206 2318 1304 2371 treme-

287 2406 353 2460 reut
369 2404 423 2461 sub
442 2403 574 2462 deutibus
593 2407 684 2462 artus,
719 2406 870 2480 rapuerat,
888 2403 999 2479 inquit,
1018 2402 1145 2479 Cyclops
1164 2403 1200 2461 de
1219 2402 1305 2461 uobis

287 2490 371 2565 duos,
394 2491 499 2550 horum
523 2511 651 2567 poenam
674 2493 807 2568 spectavi
830 2493 924 2552 oculis
947 2493 1031 2566 maie,
1054 2511 1122 2550 cum
1144 2494 1304 2565 utrumque

286 2599 349 2638 una
373 2600 464 2639 manu
487 2581 722 2657 conprehensum
744 2583 901 2657 resupinus
924 2582 1033 2641 fortius
1057 2599 1127 2639 saxo
1155 2579 1303 2638 inlideret.

287 2672 448 2745 utrumque
470 2671 565 2748 igitur
587 2671 710 2729 sustulit
733 2673 957 2746 coniectumque
980 2671 1012 2728 in
1039 2686 1174 2745 aspersas
1203 2671 1303 2727 cautes

245 2780 272 2820 as
286 2778 341 2834 per
368 2759 466 2817 frusta
494 2761 681 2818 comminuit:
715 2759 821 2819 horror
848 2761 944 2820 omnis
972 2762 1003 2817 et
1030 2758 1191 2816 inmanitas
1222 2757 1303 2817 vide-

286 2846 386 2921 batur,
405 2851 526 2906 autrum
550 2867 636 2907 omne
659 2851 742 2907 sanie
764 2848 895 2924 taboque
918 2866 1095 2924 respersum,
1113 2847 1219 2905 limina
1237 2846 1304 2923 ipsa

287 2939 427 3012 corrupto
443 2956 545 2997 cruore
559 2938 705 2996 natantia.
736 2939 801 3014 ipse
821 2941 921 2997 autem
940 2938 1099 2997 semineces
1119 2939 1201 2995 artus
1220 2955 1302 2994 man-

286 3025 377 3083 debat
404 3025 543 3086 dentibus
571 3030 601 3085 et
629 3027 725 3086 adhuc
752 3027 885 3085 membra
907 3026 1065 3085 trementia
1083 3025 1302 3085 transvorabat.

285 3135 498 3147 m

360 3202 421 3250 ise
435 3196 554 3251 esseLR
569 3196 611 3250 ed.
626 3214 653 3251 se
667 3195 767 3250 delevi.
822 3196 902 3250 'lsub
910 3198 1007 3265 potius
1020 3194 1073 3248 LR
1086 3196 1141 3249 sibi
1152 3212 1179 3264 p.
1195 3196 1265 3248 red.

287 3272 321 3320 10
340 3269 432 3336 iuquit
450 3267 502 3320 Lu
521 3267 633 3321 omed.
708 3273 739 3321 11
760 3274 841 3322 aratro
860 3267 913 3320 th
932 3274 993 3322 atro
1010 3284 1025 3318 r
1043 3267 1086 3320 ed.
1113 3269 1117 3335 Ι
1146 3268 1220 3319 discit
1238 3268 1303 3320 isaeo

284 3356 339 3392 om.
355 3339 398 3391 ed.
423 3339 426 3408 l
450 3339 518 3394 dicit
534 3339 608 3392 uude
626 3339 678 3392 LR
696 3339 769 3393 dicit
786 3357 813 3392 u.
833 3337 864 3392 r'.
939 3343 1043 3390 13-14
1062 3339 1228 3392 dubitatores
1244 3339 1300 3404 for-

286 3427 345 3463 mae
359 3410 411 3462 LR
426 3427 494 3464 corr.
509 3428 523 3462 r
541 3411 692 3464 habitatori
709 3411 825 3464 iorraaui
844 3410 886 3463 ed.
948 3415 980 3462 17
1000 3426 1033 3463 oc
1050 3426 1112 3464 uece
1126 3408 1179 3461 LR
1193 3411 1302 3463 Aeaeae

283 3482 328 3534 ed.
404 3486 437 3534 18
452 3483 607 3550 praecoma
624 3481 684 3534 LR.
715 3483 719 3549 Ι
753 3482 832 3536 melio
850 3481 902 3534 LR
920 3481 1048 3535 medior.
1127 3486 1160 3533 19
1179 3496 1300 3547 respersa

283 3552 346 3620 th,
361 3553 412 3606 sed
426 3551 500 3605 infra
514 3569 634 3621 aspersa,
650 3551 690 3605 sic
704 3550 743 3604 r¹‘.
793 3557 828 3605 20
847 3553 950 3622 trepidi
961 3551 1015 3605 Lu
1028 3553 1067 3620 (et
1080 3550 1165 3619 infra)
1179 3550 1266 3619 tepidi
1279 3569 1300 3604 r.

321 3629 355 3676 22
375 3626 515 3692 expectaui
528 3624 580 3676 th
599 3640 666 3677 corr.
682 3623 753 3677 red.
809 3629 843 3677 24
862 3630 892 3677 at
909 3640 1060 3692 armerum
1074 3621 1127 3675 LR
1145 3627 1177 3676 ut
1194 3628 1301 3676 utrum-

282 3713 335 3764 que
359 3695 417 3748 edF
439 3702 584 3764 utrumque
607 3711 671 3748 nos:
699 3708 803 3763 quaere
826 3694 857 3747 in
879 3709 967 3763 marg.
992 3692 1022 3748 r'.
1132 3699 1166 3746 25
1195 3694 1304 3758 (matra

284 3767 337 3820 th
355 3767 399 3821 ed.
482 3771 515 3818 27
535 3768 649 3821 uatauti
665 3765 718 3819 th
736 3781 805 3822 corr.
825 3784 840 3821 r
858 3765 905 3821 cd.
990 3769 1029 3820 ‘lt
1046 3760 1329 3829 tramslsrabutssk

281 3857 349 3892 coir.
369 3838 410 3892 od.
