3250 4350
345 393 408 457 116
622 390 762 447 DONATI
780 392 950 447 multura.
970 390 1082 449 VERG.

342 562 433 621 detur
455 578 545 620 curo:
568 563 694 636 tantam,
717 561 827 638 inquit,
849 561 1006 638 splendore
1029 579 1084 621 suo
1110 561 1236 623 Aeneas
1259 560 1359 622 addidit

346 653 477 729 gratiam
499 650 559 709 luci
581 653 728 726 quantum
750 649 833 710 ebori
855 669 962 711 manus
985 649 1132 710 attribuit
1154 652 1209 711 rel
1227 652 1359 729 qemun

345 739 431 801 addit
457 758 564 799 aurum
591 741 716 819 argento
744 741 798 798 aut
825 739 920 816 lapidi
941 739 1031 799 Pario
1054 740 1268 800 coniunctum.
1310 744 1360 800 tu

293 831 399 889 rateto
425 830 557 901 reginem
584 829 752 901 adcurritur
779 830 944 902 tuomque
969 832 1085 902 repente
1112 831 1291 907 inprovisus
1314 828 1361 888 eil:

346 920 433 977 tanta
455 918 607 977 celeritate
629 918 744 976 factum
766 921 812 976 est
834 921 870 976 ut
891 918 1072 994 improvisus
1096 920 1220 979 cunctis
1243 918 1386 979 veninat

346 1006 385 1067 ad
408 1006 499 1066 verba
522 1025 609 1082 quem
633 1006 800 1066 nudaverat
823 1006 910 1066 nubis
929 1006 1090 1081 abscessem,
1112 1026 1206 1083 quem
1224 1010 1360 1068 monstra·

347 1097 432 1155 verat
453 1095 601 1155 natinalis
623 1096 675 1154 lux
698 1100 728 1155 et
751 1098 890 1172 proprius
913 1095 1053 1171 splendor
1075 1096 1145 1171 ipsa
1167 1098 1274 1172 potior
1296 1096 1360 1155 lnce.

347 1185 486 1261 conpleta
505 1186 695 1263 suggestione
713 1203 810 1261 neque
828 1185 893 1260 ipae
910 1184 1041 1244 Achates
1060 1183 1180 1244 definiit
1200 1185 1275 1262 quid
1293 1188 1361 1245 esset

348 1273 531 1347 faciundum,
546 1275 618 1349 quia
632 1273 728 1333 dicere
747 1292 806 1333 non
825 1273 939 1348 debuit,
952 1292 1048 1349 neque
1066 1272 1187 1334 Aeneas
1206 1274 1360 1352 respondit

347 1364 502 1439 praevenit
529 1364 609 1421 enim
636 1366 760 1422 eventus
787 1382 889 1422 rerum
917 1364 972 1440 qui
999 1381 1049 1422 eos
1076 1361 1215 1422 reddidit
1241 1364 1304 1423 luci
1328 1364 1401 1437 eto¹

349 1454 420 1528 quia
434 1453 495 1510 iam
508 1455 652 1511 venerant
669 1453 702 1511 in
720 1452 876 1511 hominum
894 1454 1094 1530 conspectum,
1112 1454 1237 1512 mutata
1254 1453 1360 1513 ratione
1400 1446 1401 1517 J

348 1542 492 1617 temporis
509 1542 657 1601 rationem
675 1542 817 1618 loquendi
833 1560 893 1600 non
906 1540 1046 1601 inmerito
1060 1543 1180 1602 mutare
1195 1540 1360 1602 debuerunt

349 1630 485 1690 constitit
516 1631 647 1705 Aeneas,
679 1634 714 1689 ut
745 1631 860 1690 dictum
892 1633 950 1704 cst,
982 1629 1034 1690 sed
1066 1630 1233 1707 aliquando
1265 1629 1361 1690 melior
1399 1654 1402 1695 t

350 1738 441 1795 quam
468 1720 540 1794 fuit3
576 1721 632 1779 hoc
660 1721 740 1778 enim
768 1721 899 1780 sollicita
926 1722 1050 1798 propter
1074 1718 1206 1778 Iunonia
1238 1719 1360 1796 hospitis
1400 1750 1401 1785 ;

350 1811 564 1886 procuraverat
591 1812 699 1883 mater,
727 1811 762 1867 ut
789 1828 890 1868 amore
917 1810 1018 1885 potius
1047 1826 1138 1884 quam
1164 1808 1237 1870 odio
1263 1808 1383 1888 dignust

351 1896 512 1956 videretur.
557 1900 739 1972 conparatur
770 1897 840 1972 deo,
873 1917 959 1971 auro,
993 1897 1087 1971 ebori,
1119 1901 1262 1975 argento,
1294 1914 1360 1974 quae
1399 1910 1401 1997 t

352 2003 421 2045 oum
444 2004 497 2061 per
524 2005 554 2046 se
582 1987 770 2063 splendeant,
797 1987 924 2047 meliora
950 1988 1052 2045 tamen
1078 1985 1169 2060 fiunt,
1197 1988 1225 2046 si
1252 1987 1299 2047 his
1320 1985 1360 2044 rel
1400 2004 1401 2045 ς

353 2073 477 2135 artificis
500 2095 607 2136 manus
630 2077 679 2135 vel
702 2078 802 2153 gratia
825 2078 978 2136 societatis
1002 2073 1132 2135 accedat.
1167 2075 1250 2151 quod
1269 2077 1360 2135 antem
1400 2070 1401 2079 ’

353 2167 534 2239 conparatur
561 2164 628 2240 deo,
656 2186 715 2225 non
743 2167 803 2224 fuit
830 2167 943 2226 favoris
970 2167 1090 2243 poetae,
1118 2182 1186 2223 oum
1215 2164 1257 2226 sit
1279 2181 1360 2241 nepos

353 2252 433 2313 Iovis
453 2257 483 2312 et
500 2254 579 2313 filius
593 2255 718 2313 Veneris
737 2255 918 2331 perindeque
937 2258 968 2313 et
987 2254 1121 2314 Caesaris
1139 2255 1237 2331 ipsius
1256 2254 1385 2314 adfiniar

353 2343 432 2401 huno
456 2346 556 2402 eutem
579 2346 660 2402 omni
684 2346 838 2403 occasione
853 2343 1005 2422 Vergilius
1028 2343 1133 2403 laudat
1156 2346 1249 2419 atque
1272 2346 1316 2403 ita
1334 2344 1362 2399 ut

355 2433 509 2508 praecipui
525 2434 583 2490 viri
601 2433 745 2491 laudandi
763 2436 846 2507 sunt3
869 2452 939 2491 nam
957 2434 1089 2491 virorum
1108 2432 1207 2491 forma
1226 2434 1257 2491 et
1275 2432 1362 2511 splen·

355 2521 410 2581 dor
433 2522 564 2597 corporis
587 2523 754 2599 iunguntur
776 2522 956 2581 fortitudini.
993 2522 1058 2581 sola
1076 2521 1156 2580 enim
1178 2520 1362 2596 pulchritudo

356 2611 488 2686 corporis
516 2610 578 2670 sine
606 2610 784 2670 fortitudine
812 2613 1010 2686 plurimorum
1037 2610 1135 2670 obfuit
1163 2612 1277 2686 famae,
1304 2628 1363 2671 oon·

356 2701 459 2757 iuncte
482 2718 551 2759 vero
576 2718 680 2758 ornere
705 2702 860 2759 consucvit
882 2702 980 2758 virum
1004 2701 1119 2759 fortem.
1154 2700 1218 2758 itur
1241 2700 1303 2759 iam
1319 2710 1389 2777 pers

358 2788 488 2862 corporis
516 2791 625 2863 partis,
658 2792 692 2847 ut
720 2792 866 2865 appareat
892 2792 925 2847 in
952 2789 1006 2847 illo
1035 2788 1107 2865 quid
1138 2788 1269 2865 decoris,
1301 2786 1365 2866 quid

358 2877 544 2935 fortitudinis
573 2877 676 2952 fuerit3
709 2897 838 2953 namque
865 2880 932 2953 ipsa
956 2878 1093 2937 decoram
1116 2880 1280 2938 caesariem
1301 2879 1365 2937 nato

359 2967 494 3044 genetrix
525 2967 684 3041 lumenque
716 2967 856 3025 iuventae
889 2986 1071 3043 purpureum
1099 2969 1129 3025 et
1156 2966 1253 3027 laetos
1281 2967 1366 3028 oculis

360 3054 487 3114 adflarat
508 3054 643 3115 honores.
688 3055 762 3114 haec
786 3056 824 3113 ed
848 3058 942 3131 partis
961 3055 1195 3132 pulchritudinis
1214 3056 1366 3132 pertinent,

359 3144 399 3203 ad
426 3145 548 3203 virtutis
577 3147 677 3203 autem
705 3144 786 3220 quod
813 3164 903 3221 supra
931 3143 1067 3204 laudavit
1094 3163 1213 3205 umeros
1238 3148 1314 3219 eius,
1338 3146 1395 3201 uto

360 3234 568 3293 fortitudinem
604 3233 736 3309 corporis
773 3233 997 3293 demonstraret.
1053 3252 1124 3292 nam
1155 3237 1186 3293 et
1218 3234 1279 3296 alio
1310 3235 1367 3292 loco

367 3456 371 3466 ·
434 3427 448 3473 1
469 3425 647 3473 tectum-2
665 3422 772 3491 gratiae
790 3440 804 3473 r
823 3422 866 3475 ed.
931 3426 947 3473 3
966 3421 1246 3476 act-coutunctum
1265 3438 1316 3475 om.
1331 3419 1368 3472 ed.

434 3496 450 3544 5
468 3490 571 3544 veniret
589 3491 631 3543 ed.
687 3497 703 3545 8
722 3497 877 3561 ecque—9
897 3492 989 3546 debuit
1008 3507 1061 3544 om.
1077 3490 1119 3544 ed.
1176 3496 1193 3544 8
1212 3493 1309 3560 definit
1325 3489 1369 3543 th

363 3562 410 3616 -e’it
427 3578 442 3613 r
459 3577 518 3614 nos.
584 3568 617 3615 13
635 3564 734 3618 restitit
752 3564 795 3617 ed.
860 3568 893 3617 14
908 3562 1035 3633 pollicita
1054 3562 1097 3615 ed.
1158 3568 1192 3615 16
1212 3564 1262 3618 deo
1276 3562 1327 3616 th
1342 3562 1370 3614 de

363 3631 480 3715 edom.
496 3632 539 3685 ed.
559 3635 630 3701 post.
647 3636 651 3702 1
667 3641 692 3689 et
709 3642 823 3705 argemo
842 3635 885 3687 ed.
941 3638 974 3686 25
993 3633 1051 3687 itur
1069 3633 1126 3687 ium
1145 3632 1198 3687 th
1216 3634 1305 3703 igitur
1320 3634 1371 3686 iem

366 3699 388 3729 ³
406 3703 493 3774 pter
510 3705 576 3772 poet
593 3705 714 3773 corporis
732 3706 776 3759 ed.
849 3710 883 3757 27
903 3722 968 3759 reum
986 3704 1029 3756 ed.
1104 3709 1138 3757 29
1157 3704 1277 3772 Mttooit
1294 3705 1335 3758 ed.

418 3789 483 3828 aum
495 3779 624 3842 -11'1,2
642 3776 748 3832 calidos
766 3795 819 3832 om.
835 3777 879 3833 ed.
