3250 4350
299 411 345 475 2⁷2
579 409 720 464 Ilo-xm
736 408 908 464 musam
926 407 1035 464 VERG.

300 580 420 639 facilius
437 582 672 656 uniuscuiusque
689 581 830 638 interitus
848 582 994 655 provenit.
1031 578 1151 637 turbine
1170 579 1314 654 corripuit

299 668 483 744 scopuloque
504 668 605 727 infixit
627 672 730 741 acut03
752 668 805 747 figi
828 670 907 727 euim
925 687 985 728 non
1004 669 1106 745 potuit
1121 668 1182 726 nisi
1199 667 1315 746 ingenti

299 757 430 831 turbine,
443 775 512 816 cum
523 757 655 833 pondere
668 760 760 833 atque
772 776 883 836 magno
897 761 967 816 actu
985 776 1057 816 sam
1075 758 1181 816 fuisset
1199 756 1315 827 inlisas

300 845 650 906 etbocadirasaentis
673 848 807 905 animum
829 845 1317 922 putinatutcumiuacutum

299 935 456 1011 scopulum
478 937 572 995 etiam
594 935 729 995 modesto
751 935 845 994 fluctu
867 937 998 995 iactatus
1020 935 1141 1006 haerere
1159 935 1348 1010 potinimts

300 1023 460 1084 adderetur
473 1027 570 1083 maior
582 1027 639 1097 vis,
653 1044 712 1100 quo
727 1025 846 1084 facilim
860 1023 946 1083 fieret
963 1024 1044 1100 quod
1061 1023 1180 1082 volebat
1193 1023 1317 1082 offensa

299 1114 349 1172 bic
375 1115 468 1172 etiam
490 1113 567 1172 illud
589 1114 727 1192 intellegi
748 1117 857 1189 potest,
879 1113 990 1172 idcirco
1012 1131 1082 1172 eum
1103 1111 1229 1170 infixum
1254 1129 1318 1170 sca

298 1203 381 1279 pulc,
404 1222 442 1262 ne
464 1202 582 1262 delatus
604 1204 741 1262 fortassis
763 1202 802 1260 ad
824 1203 898 1261 litus
916 1203 1086 1278 sepulturae
1103 1201 1212 1260 saltem
1230 1201 1318 1260 bene-

298 1292 401 1351 ficium
419 1294 572 1369 reperiret
613 1292 688 1350 baec
705 1293 801 1369 igitur
823 1292 1039 1368 suppliciorum
1061 1308 1170 1369 genera
1192 1292 1320 1367 propter

299 1380 494 1440 acerbitatem
507 1380 617 1439 Iunoni
635 1380 804 1456 displicent,
819 1399 895 1456 quae
909 1380 1029 1440 volebat
1043 1380 1168 1438 Aiacem
1181 1381 1318 1454 potuisse
1331 1394 1352 1434 a

298 1467 433 1543 defendi,
462 1488 521 1544 qno
547 1469 644 1547 magis
671 1488 735 1529 sese
762 1470 914 1528 excruciat
940 1472 1088 1528 insontem
1116 1470 1217 1526 furore
1251 1486 1319 1543 pec·

299 1575 383 1617 casse
415 1557 583 1617 diiudicans
614 1563 646 1617 et
677 1558 826 1618 arbitrata
858 1559 977 1618 crimini
1004 1557 1145 1617 obnoxios
1171 1556 1319 1629 tenendos

299 1664 363 1706 esse
387 1646 540 1721 Troianos,
560 1648 613 1722 qui
630 1667 690 1706 non
709 1652 795 1706 erant
812 1649 865 1706 rei
912 1647 1062 1707 concludit
1080 1648 1154 1704 mire
1172 1664 1319 1721 conpara·

298 1737 412 1794 tionem
435 1737 533 1811 ipsam
556 1755 575 1794 a
596 1755 724 1812 persona
746 1755 802 1796 sua
820 1736 920 1796 dicens
939 1739 986 1794 aet
1007 1754 1066 1809 eoo.
1084 1739 1116 1793 et
1138 1754 1233 1809 quam
1257 1734 1319 1792 vim

299 1826 478 1901 pronomina
504 1828 628 1883 teneant
650 1828 713 1901 ipse
737 1829 827 1902 poeta
849 1827 1042 1897 monstravit,
1069 1843 1138 1882 cnm
1160 1825 1319 1900 sequentia
1332 1839 1353 1879 ιε

298 1916 439 1972 necteret.
483 1915 526 1972 ait
550 1916 630 1972 enim
652 1932 728 1986 quae
749 1916 851 1973 diveas
875 1916 974 1973 incedo
997 1916 1109 1987 regina,
1130 1913 1277 1985 Ioaaqae-
1293 1916 1321 1971 et

298 2019 383 2060 sorar
396 2006 422 2060 et
436 2004 569 2061 conium
600 2002 732 2062 ostendit
751 2022 822 2082 ergo
840 2003 914 2079 quid
931 2005 972 2062 sit
990 2002 1070 2079 quod
1088 2001 1166 2060 dixit
1183 2005 1234 2060 ast
1252 2019 1319 2079 ego,

300 2090 415 2150 scilicet
442 2109 521 2166 quae
548 2093 631 2150 omni
657 2112 764 2170 genere
786 2093 954 2151 Minervam
981 2091 1155 2168 praecedo..
1181 2092 1321 2168 reginam

299 2182 379 2238 enim
403 2180 560 2239 constabat
583 2183 687 2241 ceteris
710 2201 774 2242 esse
797 2184 945 2258 potiorem
969 2182 1126 2240 accedente
1144 2198 1180 2239 eo
1198 2199 1320 2256 quoque

300 2269 388 2345 quod
412 2272 530 2329 etiamsi
554 2270 669 2329 nullam
692 2272 813 2348 reginae
836 2271 959 2330 baberet
982 2274 1175 2347 potestatem,
1197 2268 1355 2329 deberetne

299 2357 337 2417 ab
361 2377 396 2417 eo
420 2359 472 2433 qui
495 2360 590 2418 frater
613 2365 690 2418 esset
715 2363 746 2418 et
773 2362 900 2420 maritus
928 2359 1052 2435 aliquod
1079 2360 1220 2418 meritum
1250 2366 1320 2417 cou-

299 2450 392 2523 sequi.
439 2451 557 2506 constat
583 2451 663 2506 enim
688 2448 827 2507 mulieres
856 2468 875 2507 a
900 2450 1017 2508 maritis
1041 2449 1196 2523 adquirere
1220 2446 1319 2526 digni-

299 2539 408 2608 tatem,
436 2537 461 2594 si
489 2539 592 2614 magui
619 2539 681 2595 sint
708 2542 739 2596 et
763 2540 795 2595 iu
819 2557 934 2596 summo
957 2539 1069 2597 bonore
1091 2542 1144 2595 aut
1166 2539 1320 2611 potestate

299 2624 420 2699 tuerint,
439 2645 493 2700 per
510 2627 654 2684 maritum
673 2630 775 2685 autem
794 2627 908 2699 cadere,
926 2629 953 2685 si
970 2627 1082 2686 nullius
1105 2626 1196 2684 fuerit
1219 2625 1320 2704 digni

298 2714 381 2771 tatis.
419 2732 486 2771 cum
504 2715 599 2791 igitur
621 2717 652 2773 et
675 2716 742 2791 ipsa
762 2720 839 2775 esset
857 2718 961 2794 regina
980 2719 1011 2775 et
1029 2716 1151 2774 deorum
1168 2733 1221 2772 rer
1241 2718 1355 2773 assate

301 2801 355 2876 qui
382 2801 409 2859 ei
438 2804 468 2859 et
496 2804 599 2862 mariti
626 2806 775 2864 consortio
804 2809 834 2863 et
862 2807 1070 2882 germanitatis
1093 2803 1212 2862 vinculo
1237 2807 1321 2863 tene-

299 2892 396 2962 retur,
428 2890 685 2951 vehementissime
717 2893 906 2967 movebatur,
944 2893 1023 2969 quod
1059 2893 1227 2952 desiderata
1260 2911 1322 2951 non

300 2978 414 3037 valeret
441 2980 562 3054 inplere.
609 2984 644 3039 ut
671 2985 773 3041 autem
800 2985 901 3041 omnia
929 2985 1054 3042 rationis
1077 3001 1157 3041 suae
1170 2981 1202 3039 iu
1226 3002 1322 3040 unum

300 3067 463 3144 colligeret,
478 3070 574 3127 utitur
592 3071 847 3145 anacephalaeosi.
884 3091 954 3130 nam
972 3091 1057 3130 mene
1075 3070 1155 3146 quod
1172 3071 1206 3128 in
1219 3073 1321 3146 capite

300 3157 415 3231 posuit,
442 3157 499 3214 hoc
522 3160 568 3215 est
590 3162 638 3217 ast
660 3178 728 3237 eg03
762 3160 841 3235 quod
865 3161 942 3219 dixit
964 3163 996 3218 in
1019 3160 1174 3236 principiis
1196 3162 1320 3236 incepto
1334 3176 1354 3216 a

340 3284 516 3295 ————-

373 3360 517 3432 tingente
535 3361 588 3415 LR
607 3380 675 3417 corr.
696 3364 738 3418 ed.
838 3363 1158 3420 accubitionem:
1178 3363 1229 3418 sed
1248 3363 1320 3417 Don.

300 3430 421 3502 Vergilii
441 3432 600 3501 exemplum
621 3440 662 3501 12,
678 3440 729 3488 687
749 3439 861 3489 secutus
881 3452 942 3489 esse
960 3435 1080 3490 videtur.
1174 3437 1320 3490 bmalesto

301 3501 344 3557 cd.
403 3508 435 3556 11
452 3520 575 3571 peccasse
594 3505 616 3558 L
633 3523 744 3574 peccare
762 3508 787 3560 R
806 3523 875 3561 corr.
893 3526 916 3576 r.
981 3512 1013 3561 18
1031 3524 1124 3562 renem
1142 3509 1207 3575 post
1224 3524 1321 3576 aeaeae

300 3572 433 3644 interpol.
453 3574 517 3629 ede.
591 3582 624 3630 22
644 3578 788 3633 constabat
806 3578 859 3631 th
877 3585 984 3634 coereeat
1001 3578 1045 3632 ed.
1062 3580 1075 3646 i
1102 3596 1121 3631 a
1138 3579 1250 3632 maritis
1268 3577 1321 3631 bit

301 3646 424 3700 amaaetie
442 3645 485 3699 ed.
568 3653 602 3701 24
621 3649 716 3703 cadere
734 3648 787 3702 LR
805 3650 929 3706 accedere
947 3650 991 3704 ed.
1076 3655 1110 3703 26
1129 3652 1239 3718 etpost
1256 3666 1320 3705 aaa·

299 3717 386 3770 sartio
414 3732 467 3771 om.
491 3716 544 3770 th
572 3718 636 3771 cdd.
661 3719 703 3773 ed.
813 3726 848 3775 28
876 3723 979 3775 amaia.
997 3738 1051 3774 om.
1079 3721 1211 3775 rationem
1240 3737 1322 3775 mae

302 3786 419 3857 scripsit
437 3787 480 3841 ed.
1235 3810 1244 3821 ··
1260 3793 1275 3833 -'
