3250 4350
664 434 847 490 AENEIDOS
865 435 905 490 111
1231 433 1296 498 321

272 604 397 664 addidit
428 604 528 680 malis,
561 606 632 680 quia
665 606 729 663 sine
761 604 979 664 deformatione
1006 623 1150 680 personae
1177 604 1297 664 hostilis

272 696 363 769 loqui
391 712 448 752 non
477 694 591 770 potuit,
620 695 684 769 ipse
714 693 761 752 vel
788 696 916 752 maxime
945 695 999 770 qui
1027 692 1189 769 aliquando
1217 694 1297 769 apud

272 783 349 843 illos
377 783 514 859 captivus
542 782 609 841 fuit.
655 783 739 842 dedit
766 785 868 840 autem
895 785 1089 860 augmentum
1111 783 1231 858 terrori,
1260 802 1297 840 ne

275 872 398 930 Aeneas
421 873 622 931 contemneret
643 871 698 930 illa
720 871 829 931 fidncia
853 890 914 947 qua
936 872 1046 931 multas
1065 871 1149 930 urbis
1169 869 1297 930 Graecas

244 962 364 1023 status
388 960 603 1036 incolumisque
626 961 796 1036 transierat,
816 979 991 1020 enumerans
1015 979 1091 1036 quae
1114 960 1164 1020 vel
1184 962 1298 1036 quanta

276 1049 341 1108 sint
373 1050 452 1124 loca,
485 1049 584 1109 dicens
612 1051 643 1108 et
670 1051 898 1123 commanentis,
927 1052 963 1109 ut
989 1069 1024 1109 eo
1051 1049 1148 1127 magis
1176 1049 1214 1107 ab
1241 1049 1297 1108 hae

275 1140 474 1214 navigatione
502 1138 625 1197 Aenean
657 1140 819 1198 averteret:
856 1140 902 1197 dic
933 1143 960 1197 et
984 1140 1110 1212 Narycii
1133 1143 1298 1212 posuerant

274 1229 395 1286 moenia
417 1227 509 1287 Locri
531 1233 557 1287 et
578 1227 754 1287 Sallentinos
777 1229 887 1287 obsedit
907 1229 998 1287 milite
1024 1245 1142 1302 campos
1164 1227 1351 1301 [nerano

275 1318 468 1384 Idomeneus,
495 1318 542 1375 dic
568 1318 621 1377 illa
649 1317 731 1376 dacis
752 1318 892 1376 Meliboei
912 1335 1013 1390 parva
1035 1318 1209 1376 Philoctetae
1230 1317 1298 1375 snb·

231 1430 261 1469 ro
277 1406 354 1464 nina
376 1405 482 1465 Petdia
503 1423 596 1465 nrnro.
636 1406 759 1466 transiit
781 1407 820 1465 ad
843 1407 917 1464 alia:
940 1409 1012 1480 qnia
1034 1407 1084 1465 nbi
1107 1408 1299 1466 transmissae

277 1497 410 1553 steterint
436 1500 520 1553 trans
547 1512 675 1568 aecana
702 1496 808 1555 classes
835 1498 985 1569 adpositis
1008 1499 1070 1554 aris
1092 1497 1154 1555 iam
1176 1499 1244 1554 eota
1266 1498 1299 1554 in

276 1586 364 1642 litore
385 1583 486 1652 solers,
504 1601 657 1658 purpureo
680 1586 777 1644 celare
799 1601 896 1644 conns
918 1586 1076 1658 adopertas
1103 1586 1224 1653 amicta,
1252 1589 1350 1643 nenos

275 1690 341 1747 qna
369 1675 444 1732 inter
470 1677 585 1733 sanctos
611 1675 688 1747 ienis
714 1675 748 1731 in
773 1674 880 1732 danne
911 1675 1031 1733 deornm
1062 1675 1176 1733 hostilis
1207 1675 1298 1747 facies

277 1766 416 1821 occurrat
433 1765 460 1820 et
476 1764 576 1821 onnina
598 1764 698 1821 tnrbet.
734 1764 811 1822 lenna
828 1763 899 1822 socii
916 1780 1023 1822 marera
1042 1780 1205 1832 saorornrn,
1223 1764 1299 1821 laria

231 1874 260 1914 rs
276 1854 343 1925 ipse
362 1854 460 1920 teneto,
472 1852 528 1910 dac
545 1854 618 1911 casti
635 1856 776 1911 maneant
792 1854 825 1911 in
843 1853 981 1925 relipione
998 1856 1121 1925 nepotes.
1152 1851 1298 1928 benignus

275 1941 429 2014 interpres
452 1942 558 2016 utpote
582 1940 655 1999 civis
678 1944 708 1999 et
727 1940 832 2000 adfinis
852 1940 925 2000 dicit
942 1942 1046 1999 futura
1065 1944 1096 2000 et
1113 1940 1298 2000 observanda

275 2029 472 2106 pronuntiat,
501 2029 581 2105 quod
604 2029 696 2088 ctiam
718 2029 772 2089 illo
796 2030 894 2089 studio
918 2032 1015 2089 facere
1038 2030 1238 2108 intellegitur,
1261 2049 1298 2088 ne

273 2120 434 2177 exoriatur
456 2118 568 2179 offensa
590 2118 622 2177 in
646 2119 725 2192 deos,
744 2121 771 2180 si
789 2119 904 2196 aliquid
922 2123 1056 2179 mutetur
1074 2119 1155 2196 quod
1173 2119 1299 2179 deorum

274 2207 371 2265 fidem
388 2211 482 2282 vexet,
501 2226 577 2284 quae
595 2208 662 2284 ipsa
679 2212 806 2268 ventura
824 2208 972 2268 firmabat.
1002 2214 1049 2268 ast
1061 2211 1113 2268 ndi
1126 2210 1289 2283 dipressnrn
1299 2215 1351 2263 410

229 2318 262 2361 ao
275 2296 398 2357 Siculae
416 2302 442 2356 te
460 2298 621 2357 adrnoeerit
637 2315 707 2356 orae
720 2302 821 2357 ventas
836 2303 863 2356 et
875 2301 992 2372 anpnsti
1005 2303 1154 2357 rarescent
1167 2299 1298 2357 clanstro

275 2385 393 2446 Pelori:
416 2388 447 2445 et
469 2388 588 2464 signum
609 2387 708 2446 litoris
733 2386 815 2445 dedit
838 2390 869 2446 et
888 2386 989 2447 Pelori
1011 2390 1042 2446 et
1064 2387 1167 2447 docere
1190 2388 1299 2463 incipit

273 2473 354 2553 quid
377 2476 417 2535 sit
439 2478 606 2534 necessario
630 2475 812 2535 faciendum:
842 2478 936 2545 laena,
958 2475 1068 2552 inquit,
1092 2478 1143 2535 tibi
1166 2478 1251 2535 tellas
1274 2481 1299 2535 et

273 2568 365 2637 leriae
393 2564 478 2624 laeva
500 2568 641 2638 ‚edantur
669 2581 797 2638 aeqnora
820 2567 956 2633 cirenitn,
982 2566 1115 2623 derlrnrn
1137 2566 1206 2638 fnpe
1229 2567 1298 2623 litas

277 2659 306 2713 et
323 2653 432 2712 adas.
467 2654 541 2713 dicit
558 2673 636 2713 nunc
655 2672 760 2713 causas
779 2656 904 2729 propter
922 2672 996 2729 quas
1016 2654 1136 2713 dextera
1155 2654 1298 2732 firgienda

224 2760 261 2807 25
276 2742 457 2803 viderentur
470 2746 500 2801 et
513 2743 599 2803 laeva
613 2743 769 2802 retinenda
783 2743 957 2819 inducitque
971 2743 1113 2818 primitus
1124 2743 1299 2819 descriptio·

277 2851 350 2890 nem
369 2830 436 2905 loci,
450 2834 485 2889 ut
503 2832 641 2891 ostendat
659 2851 720 2909 qua
737 2835 854 2891 ratione
873 2832 987 2890 factum
1006 2832 1046 2891 sit
1063 2835 1098 2890 ut
1113 2832 1192 2907 quod
1205 2852 1298 2891 unum

274 2922 381 2979 fuerat
398 2923 476 2979 mari
498 2920 628 2979 divisum
649 2920 681 2979 in
705 2921 778 2980 dues
801 2923 897 2996 partis
920 2921 1044 2979 haberet
1061 2921 1157 2990 laeva,
1174 2921 1298 2980 haberet

274 3013 310 3069 et
334 3009 464 3067 dextera.
503 3011 573 3068 haee
596 3010 659 3070 loca
681 3013 712 3068 ei
734 3011 882 3084 qnondam
900 3014 927 3068 et
944 3015 1028 3069 vasta
1047 3012 1185 3069 conadsa
1207 3013 1298 3069 rnina

278 3099 411 3171 (tantnrn
438 3101 503 3157 aeri
530 3100 688 3173 lorepinqna
715 3101 793 3159 calet
818 3104 932 3158 matare
958 3099 1099 3172 catastas)
1127 3100 1350 3159 addensent

224 3204 264 3250 ao
277 3190 394 3261 ferant,
419 3204 485 3246 enni
506 3190 640 3261 protinas
661 3193 786 3262 atraque
808 3189 892 3247 tellas
914 3206 976 3247 nna
999 3191 1080 3263 foret,
1104 3192 1182 3247 uenit
1204 3190 1297 3248 rnedio

354 3398 425 3446 5-6
444 3399 564 3461 quantas
577 3396 609 3447 in
621 3393 674 3446 LR
692 3399 798 3462 quanta
811 3396 870 3448 sint
882 3412 896 3446 r
910 3401 1016 3462 quanta
1029 3397 1061 3448 in
1076 3394 1118 3447 ed.
1134 3396 1210 3462 (cunr
1224 3397 1297 3447 aste-

278 3467 353 3520 risco
374 3464 463 3534 edFI).
519 3466 695 3519 didomaens
708 3464 767 3517 La.
785 3466 788 3534 l
808 3466 954 3533 philotetae
968 3465 1027 3518 LR.
1084 3471 1116 3519 10
1134 3467 1235 3519 transit
1254 3466 1296 3518 ed.

318 3542 349 3590 11
372 3543 397 3590 et
414 3537 488 3589 erint
505 3536 530 3589 R
547 3537 669 3591 steterint
687 3553 709 3588 r.
766 3536 1093 3591 resonantiam.
1152 3541 1183 3587 18
1203 3543 1296 3590 enoria

278 3610 387 3675 offensa
410 3609 441 3661 in
464 3608 528 3662 deos
549 3607 658 3675 aliquid
675 3606 728 3660 LR
747 3607 789 3661 ed.
810 3607 970 3674 emendavi,
995 3607 1062 3675 quia
1081 3606 1188 3661 offensa
1205 3609 1296 3660 muta-

276 3680 389 3733 tionem
408 3678 543 3745 sequitur,
562 3695 617 3733 non
637 3678 782 3746 praeeedit
877 3684 910 3731 19
929 3685 1005 3733 cenet
1022 3678 1074 3731 LR
1093 3678 1136 3731 ed.
1155 3684 1261 3732 aedat?

278 3757 315 3804 20
334 3751 472 3805 rariseent
488 3750 555 3804 ers
604 3755 637 3802 27
657 3766 731 3803 rnare
749 3750 802 3803 LR
820 3750 864 3803 ed.
883 3752 957 3803 inari
973 3766 1032 3803 nos.
1090 3755 1125 3803 28
1143 3756 1169 3805 et
1186 3750 1298 3805 derina

277 3823 348 3877 Let
366 3838 420 3875 om.
440 3820 466 3873 R
485 3821 548 3874 add.
569 3838 590 3875 r.
646 3825 680 3874 30
698 3821 757 3887 sore
774 3821 828 3874 ΒΗ
846 3838 915 3875 corr.
934 3838 955 3873 r.

334 3921 394 3962 Don.
408 3920 504 3969 interpr.
513 3919 582 3970 Verg.
603 3920 649 3960 vol.
663 3920 681 3959 I.
1057 3918 1096 3965 Ἃ
