3250 4350
355 411 420 476 104
632 411 773 467 DONATI
790 411 960 467 INTERPR.
979 411 1088 466 VERG.

353 582 519 655 omitteret,
545 581 683 640 redderet
708 581 741 639 in
767 583 835 656 ipsa
857 580 1065 658 obiurgatione
1088 580 1272 654 benivolam,
1293 582 1364 640 invi·

353 669 435 728 diam
467 688 537 728 vero
568 669 797 729 inhumanitatis
830 672 861 729 et
890 669 1047 745 superbiae
1073 670 1199 729 reioeret
1224 672 1258 729 in
1285 671 1365 743 ahos,

352 761 451 835 ipsam
483 759 594 818 dioeret
625 759 736 818 iustam
767 778 863 834 neque
895 778 961 817 eam
993 758 1125 818 laederet
1156 761 1241 818 emus
1271 761 1366 818 fixerat

352 849 501 923 petiturus
525 848 677 907 auxilium.
720 849 840 926 singula
863 866 933 926 ergo
956 867 1033 923 quae
1055 847 1184 907 diximus
1208 868 1286 924 quae
1309 851 1366 908 sint

353 938 402 995 vel
425 937 572 1012 quomodo
594 938 770 996 inlustriora
787 937 952 996 reddantur
969 938 1134 998 necessario
1152 938 1367 1012 providendum
1386 955 1395 996 5

353 1031 407 1086 est
452 1025 583 1086 Hioneus
606 1026 745 1085 veniebat
768 1026 806 1085 ad
828 1027 1027 1104 inooguitam:
1049 1026 1113 1102 ipse
1132 1027 1212 1084 idem
1230 1027 1285 1102 qui
1304 1027 1366 1086 looa

352 1115 408 1173 illa
425 1117 620 1189 hominesque
638 1116 766 1174 nesciret
779 1115 960 1191 perindeque
974 1118 1105 1175 insertus
1119 1118 1253 1173 omnium
1268 1135 1367 1191 quem-

353 1204 514 1264 admodum
541 1205 644 1279 aliqua
671 1205 760 1263 laude
788 1205 948 1280 adsumpta
974 1204 1143 1263 benivolam
1166 1205 1279 1264 faceret
1302 1224 1366 1264 oon·

351 1295 467 1352 iectura
499 1293 629 1370 collegit.
675 1296 808 1352 senserat
840 1295 920 1352 euim
947 1296 979 1353 et
1005 1293 1185 1370 probaverat
1212 1285 1367 1352 hominum

352 1385 450 1458 inpios
479 1385 509 1440 et
534 1382 713 1442 inhumanos
740 1401 851 1457 mores,
879 1401 952 1458 quos
978 1385 1012 1441 in
1037 1382 1202 1458 posteriore
1225 1385 1367 1442 orationis
1379 1402 1398 1442 u

353 1490 423 1531 suae
451 1473 537 1546 parte
565 1470 719 1530 evidenter
745 1474 899 1547 expressit.
944 1474 1112 1547 suspicione
1137 1473 1243 1547 utique
1265 1471 1368 1531 debuit

353 1560 422 1618 duoi
446 1560 525 1634 quod
547 1560 618 1619 talis
643 1562 720 1619 esset
743 1562 834 1619 etiam
857 1561 912 1619 illa
935 1561 1018 1620 ouius
1037 1560 1216 1620 anebanmr
1233 1562 1367 1638 imperio.

353 1649 405 1709 sed
430 1649 508 1707 hano
534 1651 651 1723 partem
678 1650 800 1708 mebore
832 1650 949 1709 ratione
981 1649 1210 1727 argumentandi
1242 1652 1369 1710 correxit

352 1738 447 1796 nihilo
466 1739 565 1796 minus
584 1740 676 1796 etiam
693 1740 791 1814 ipsam
809 1738 929 1814 oblique
948 1741 1131 1816 contingens,
1153 1743 1189 1797 ut
1211 1759 1247 1796 ex
1271 1741 1369 1799 aliena

352 1829 409 1886 hoo
441 1830 486 1886 est
517 1846 638 1886 suorum
668 1827 896 1903 reprehensione
928 1830 1052 1886 oonfusa
1084 1828 1269 1887 erubesceret
1299 1829 1400 1888 talisu

352 1916 448 1975 videri
476 1918 506 1974 et
532 1918 700 1992 praestaret
727 1934 758 1975 se
784 1916 963 1977 benivolam.
1014 1918 1146 1976 oolleotis
1173 1917 1270 1996 igitur
1303 1937 1368 1977 eou-

352 2005 454 2065 trariis
478 2005 615 2064 omnibus
635 2007 815 2081 conponitur
833 2006 947 2065 duobus
965 2006 1100 2066 versibus
1118 2008 1208 2083 plena
1225 2007 1367 2066 laudatio.

353 2114 371 2153 o
397 2097 515 2172 regina,
548 2095 626 2170 quod
655 2098 700 2153 est
726 2095 832 2170 prooul
859 2095 949 2153 dubio
982 2096 1193 2155 difficillimum
1225 2097 1368 2154 feminam

353 2204 490 2263 regnare:
523 2205 557 2243 ex
581 2184 758 2243 difficultate
781 2186 875 2262 igitur
898 2187 977 2259 laus,
1001 2186 1080 2261 quod
1105 2187 1214 2243 fautum
1238 2187 1304 2244 sine
1327 2185 1367 2242 di·

353 2275 424 2332 vino
454 2275 556 2332 favore
586 2276 743 2348 provenire
773 2294 833 2334 non
863 2277 970 2350 potuit.
1020 2294 1130 2333 novam
1162 2276 1211 2334 oui
1244 2274 1401 2333 conderem

352 2362 489 2438 Iuppiter
515 2362 632 2421 urbem:
672 2381 737 2421 eooe
765 2364 926 2422 seeundum
948 2366 1097 2438 meritum,
1121 2363 1199 2437 quod
1224 2362 1300 2422 adeo
1323 2364 1368 2422 vel

353 2453 481 2509 maxime
504 2452 568 2510 sine
591 2452 789 2510 admiratione
813 2452 873 2510 diui
895 2452 1039 2527 nequibat
1061 2470 1096 2509 eo
1120 2453 1261 2526 loquente
1282 2472 1368 2527 quem

353 2540 510 2600 constabat
528 2539 636 2615 dolere,
656 2540 736 2616 quod
754 2540 812 2599 sibi
829 2542 861 2599 id
880 2541 1036 2616 provenire
1055 2560 1114 2599 non
1132 2544 1261 2616 poterat,
1281 2540 1369 2600 siouti

353 2649 387 2687 ex
411 2647 538 2704 persona
556 2630 675 2689 Aeneae
698 2632 833 2707 superius
858 2621 952 2710 (437)
973 2629 1085 2687 dietum
1104 2633 1149 2689 est
1167 2650 1202 2704 „o
1221 2630 1368 2689 fortunati

353 2737 479 2793 quorum
502 2720 562 2776 iam
586 2721 704 2778 moenia
728 2715 879 2795 surgunt“.
916 2737 984 2777 eum
1006 2719 1100 2796 igitur
1123 2720 1235 2778 femina
1259 2720 1401 2778 faeeretss

354 2808 433 2882 quod
466 2807 627 2866 difficulter
658 2810 798 2882 provenit
830 2809 916 2883 viris,
948 2808 1114 2884 apparebat
1145 2808 1250 2883 prooul
1278 2808 1367 2867 dubio

354 2916 413 2955 non
440 2896 592 2969 humaniS,
620 2897 671 2955 sed
699 2896 809 2954 divinis
838 2897 944 2971 opibus
972 2896 1044 2955 fieri.
1091 2896 1234 2973 surgebat
1256 2900 1367 2974 quippe

353 3004 413 3043 non
432 2984 547 3043 fabrioa
566 2987 675 3060 speeiei
694 2985 820 3045 alieuius
839 2985 1017 3060 levissimae,
1036 2986 1086 3045 sed
1104 2988 1235 3063 ingentis
1253 2986 1367 3065 magni·

353 3075 426 3133 tudo
451 3075 590 3132 civitatis.
629 3093 695 3134 eooe
713 3075 772 3133 duo
790 3075 937 3134 miracula
954 3076 987 3132 in
1005 3075 1106 3134 laude:
1128 3074 1237 3134 mulier
1253 3079 1367 3153 regnat,

352 3164 461 3221 mulier
489 3163 626 3222 aedificat
653 3164 808 3223 civitatem
835 3183 957 3238 novam,
986 3165 1106 3223 additur
1128 3166 1265 3238 tertium,
1291 3163 1402 3241 quoda

425 3304 440 3350 2
460 3315 521 3351 vero
541 3314 593 3350 om.
610 3297 652 3350 ed.
726 3305 742 3349 4
762 3314 832 3366 quae
850 3298 973 3351 diximus
991 3315 1044 3351 om.
1060 3298 1085 3349 Pu
1104 3297 1168 3350 add.
1182 3316 1204 3350 r.
1278 3304 1294 3351 6
1314 3300 1368 3367 ipse

353 3370 424 3423 idem
442 3368 495 3421 LR
517 3370 652 3438 repiouem
672 3369 714 3423 ed.
806 3374 823 3421 8
843 3370 995 3423 benivolum
1018 3370 1058 3437 (et
1076 3368 1160 3437 infra)
1178 3368 1200 3421 L
1225 3368 1261 3424 of.
1282 3376 1341 3424 372.
1362 3371 1365 3438 ξ

352 3442 440 3506 faeiat
459 3440 501 3494 ed.
584 3441 740 3493 abominer
758 3439 801 3492 ed.
882 3446 914 3492 12
933 3442 1015 3494 etiam
1034 3456 1087 3492 om.
1103 3441 1146 3494 ed.
1225 3446 1259 3493 14
1279 3443 1368 3495 alieno

353 3513 395 3565 ed.
458 3517 490 3563 19
510 3510 1099 3579 ausLRJttledlsiaethm'sied
1155 3512 1368 3575 20sooerehlt

352 3584 445 3649 fauore
464 3582 525 3634 LII
513 3583 612 3635 Iman
628 3600 648 3635 r.
669 3582 712 3635 ed.
730 3583 894 3651 {peruenire
913 3583 955 3636 ed
1021 3587 1053 3635 21
1073 3585 1108 3637 ab
1127 3599 1157 3637 eo
1171 3582 1224 3636 LR
1238 3583 1282 3636 ed
1302 3586 1368 3638 adeo

342 3670 407 3716 nos
434 3654 504 3722 quia
527 3670 558 3707 eo
581 3655 705 3723 loquente
728 3653 863 3723 sequitur.
955 3658 988 3706 26
1004 3655 1133 3721 provenit
1149 3655 1218 3708 uiris
1236 3655 1290 3708 LR
1303 3672 1368 3725 pro-

329 3726 428 3775 aem're
446 3742 470 3778 o
480 3733 582 3793 posset
599 3727 645 3783 ed
705 3733 739 3784 29
759 3726 887 3785 occubit
904 3733 929 3782 et
947 3725 991 3780 ed
1003 3725 1207 3797 thodahhtl
1222 3733 1290 3781 aaut
1303 3727 1366 3797 ed]

311 3801 422 3857 repunt
439 3796 497 3850 La
518 3818 543 3854 r
564 3802 657 3859 etad.
740 3808 778 3860 30
800 3798 982 3859 aestuum
