3250 4350
701 402 884 459 AENEIDOS
902 404 941 458 111
1267 404 1334 469 263

309 577 455 632 naturam
482 591 568 632 suam
595 592 654 632 non
681 575 844 648 potuerunt
870 573 1007 647 interire,
1036 572 1122 647 litus,
1152 576 1273 648 portum
1304 576 1334 634 et

312 682 443 738 campos.
480 664 560 735 feror
584 662 649 721 erui
671 664 704 721 r'rr
727 663 820 720 altura
842 681 908 723 cum
924 664 1011 722 sociis
1028 666 1161 734 namque,
1175 664 1333 737 penatibus

312 757 339 811 et
364 752 477 825 mcertis
501 752 573 811 tte:
599 752 696 810 tacuit
717 753 835 826 patrem
858 770 954 827 suum,
977 753 1050 827 quia
1072 770 1163 827 supra
1185 752 1262 811 dixit
1284 756 1333 828 „et
1364 795 1366 799 -

312 844 401 915 pater
428 840 570 900 Anchises
603 840 674 900 dare
706 841 777 899 fatis
810 841 878 899 vela
909 839 1059 915 iubebat“,
1087 840 1212 915 proinde
1243 861 1332 917 quern

283 932 376 990 siem
403 932 621 989 memoraverat
648 930 691 987 ibi
717 929 809 988 fuisse
834 928 1016 1005 superfluum
1038 929 1219 1006 perindeque
1243 932 1331 989 ritio-
1409 968 1412 971 -

313 1038 381 1077 sum
404 1021 504 1078 fuerat
526 1021 635 1078 iterum
658 1018 821 1077 nominare.

382 1108 477 1167 Terre
499 1107 605 1181 procat
631 1108 722 1167 coetis
749 1108 854 1166 colitur
875 1108 1028 1168 Mavortia
1054 1109 1179 1182 campis,
1204 1108 1333 1168 Thraces

314 1202 412 1265 oraret,
440 1199 504 1256 acri
530 1197 678 1271 pendam
703 1201 828 1275 repectu
849 1196 1001 1271 Lycurgo,
1023 1197 1180 1271 hospitium
1202 1200 1333 1257 anticam
1352 1204 1386 1252 lo

315 1287 424 1345 Troiae
440 1286 567 1359 sociique
579 1290 710 1359 penates,
730 1285 801 1344 dem
819 1287 941 1358 fortem
958 1288 1032 1359 feeit:
1055 1286 1216 1361 descriptio
1234 1289 1332 1346 terrae

269 1395 391 1450 requae
425 1374 463 1434 ad
494 1377 608 1433 incerta
637 1375 852 1452 navigantibus
879 1373 978 1451 prima
1005 1376 1148 1450 occurrit,
1180 1394 1256 1451 quae
1289 1377 1333 1435 sic

314 1464 467 1523 evidenter
489 1464 601 1523 Didoni
628 1465 786 1539 exponitur
813 1465 979 1542 ignoranti,
1006 1468 1041 1523 ut
1070 1467 1101 1522 et
1123 1465 1198 1524 situs
1221 1464 1279 1524 loci
1303 1468 1333 1524 et

312 1554 481 1611 incolarum
503 1571 630 1629 persona
648 1553 797 1631 signetur,
816 1553 922 1611 deinde
945 1555 1134 1628 oportunitas
1158 1573 1234 1630 quae
1257 1554 1331 1613 deti·

313 1660 383 1700 nere
407 1644 507 1717 posset
530 1642 670 1718 errantis3
693 1643 765 1701 nam
788 1645 818 1701 et
840 1642 1016 1717 proximitas
1039 1641 1178 1718 placebat
1199 1642 1333 1702 laborem

313 1731 452 1790 ablatura
474 1730 659 1808 fugientibus
683 1735 713 1791 et
735 1731 857 1790 ubertas
880 1731 961 1790 laeta
984 1750 1158 1806 camporum
1177 1732 1331 1792 commoda

269 1843 297 1881 15
313 1820 470 1879 videbatur
492 1822 530 1879 iis
555 1821 607 1896 qui
629 1840 692 1879 rem
715 1839 834 1880 omnem
856 1819 1114 1896 substantiamque
1131 1820 1331 1895 perdiderant.

313 1909 394 1986 quod
423 1928 493 1968 vero
522 1909 650 1969 Thraces
682 1909 798 1968 incolae
831 1910 994 1968 amiserant
1020 1909 1191 1986 Lycurgum
1222 1929 1332 1988 regem,

312 1998 471 2058 ridebatur
493 1997 559 2056 fieri
580 2017 667 2073 posse
690 2001 725 2056 ut
747 1999 936 2058 adversarius
959 1998 1060 2057 nullus
1089 2003 1252 2075 emergeret
1280 2000 1331 2076 qui

312 2091 414 2163 posset
442 2087 598 2163 prohibere
626 2088 781 2147 venientis.
827 2086 968 2146 firmabat
990 2105 1109 2147 omnem
1131 2106 1214 2162 spem
1236 2107 1331 2147 rema-

312 2177 404 2235 nendi
426 2177 597 2253 interpositi
620 2178 730 2236 dudum
753 2177 861 2254 religio
883 2177 1021 2252 foederis,
1040 2177 1238 2237 diuturnitate
1257 2197 1331 2255 quo·

265 2289 298 2327 ,so
314 2286 373 2342 que
400 2266 543 2341 temporis
570 2266 717 2341 roborati3
749 2267 817 2342 quis
845 2268 925 2325 enim
952 2284 1012 2325 non
1033 2266 1138 2326 fideret
1161 2286 1219 2325 non
1242 2287 1332 2344 nega-

313 2358 397 2414 turos
425 2355 658 2414 benivolentiam
683 2355 800 2415 miseris
828 2375 904 2432 quae
926 2355 1101 2414 florentibus
1125 2355 1221 2415 adhuc
1244 2356 1331 2416 rebus

312 2447 344 2503 et
367 2444 468 2502 debita
495 2444 554 2503 fuit
581 2448 611 2504 et
638 2444 781 2504 memoria
810 2445 944 2523 longiore
971 2443 1111 2504 servata?
1155 2447 1236 2519 feror
1261 2447 1331 2504 bue:

312 2553 373 2592 non
401 2533 476 2591 dixit
504 2533 585 2607 veni,
613 2533 665 2592 sed
687 2553 722 2592 ex
745 2538 854 2592 eventu
876 2534 993 2593 delatus
1017 2552 1096 2609 sum3
1127 2536 1228 2608 ipsum
1252 2535 1331 2592 enim

312 2623 369 2680 hoc
401 2641 461 2681 non
493 2623 663 2698 consilium,
695 2642 754 2681 non
785 2623 918 2681 humana
947 2624 1087 2682 voluntas
1114 2623 1259 2681 effecerat.
1305 2627 1332 2682 et

263 2712 396 2772 astitere
432 2728 520 2771 curre
556 2715 671 2771 moenio
701 2714 813 2786 primo¹
842 2713 901 2770 loeo
937 2714 1010 2785 setis
1041 2714 1189 2785 ingressus
1220 2713 1331 2786 icteris

279 2810 280 2813 ’
311 2798 526 2873 Aeneadasque
548 2817 609 2859 creo
632 2818 736 2859 comere
759 2801 795 2860 de
817 2803 934 2860 romine
956 2803 1050 2874 strigo:
1072 2820 1151 2875 mox,
1168 2801 1277 2877 inquit,
1296 2806 1331 2861 ut

312 2890 386 2949 litus
415 2891 503 2968 attigi
533 2890 591 2949 loci
619 2892 694 2964 eius,
724 2889 950 2965 dispositionem
978 2909 1044 2950 sum
1071 2909 1166 2949 norae
1197 2891 1329 2950 civitatis

311 2978 470 3056 adgressus
492 2997 573 3038 moos
598 2979 693 3038 omnis
717 2981 838 3056 signans
862 2981 981 3038 nomine
1009 2999 1085 3054 meo,
1115 2983 1149 3040 ut
1171 2980 1329 3039 Aeneadae

312 3069 488 3126 dicerentur.
535 3068 606 3127 fatis
629 3070 779 3145 ingressus
802 3069 928 3145 iniquis:
946 3070 1008 3127 ⁴boc
1029 3088 1127 3128 rerum
1147 3071 1252 3144 exitus,
1270 3089 1330 3129 non

264 3179 298 3218 eo
311 3157 401 3215 initia
425 3156 597 3231 docuerunt,
621 3161 752 3216 ceterum
775 3159 801 3216 si
824 3160 894 3216 ante
916 3159 1102 3233 praescisset,
1125 3161 1254 3218 transire
1276 3179 1329 3234 po·

386 3297 399 3343 1
418 3297 567 3358 potuerunt
584 3293 625 3345 ire
643 3290 696 3344 LR
710 3308 740 3359 p.
760 3292 873 3345 interire
891 3307 942 3344 nos
958 3308 987 3358 p.
1002 3292 1094 3360 perire
1113 3292 1178 3346 eds.
1239 3299 1255 3345 3
1275 3311 1330 3360 qua

311 3362 365 3415 LR
384 3363 482 3431 quior
501 3361 543 3415 ed.
617 3363 768 3431 eiectoque
787 3362 830 3416 ed.
904 3364 1038 3416 (itteram
1056 3365 1210 3416 nominaret
1228 3363 1281 3416 LR
1299 3369 1330 3416 ret

312 3435 332 3487 τ’.
351 3451 379 3486 rc.
399 3451 412 3486 r
431 3434 449 3487 i.
468 3435 611 3487 reorne'rrore
630 3433 674 3487 ed.
766 3439 854 3487 9-10
873 3439 961 3488 term
979 3434 1017 3487 ad
1035 3434 1088 3487 LR
1106 3451 1176 3503 quae
1194 3434 1328 3502 interpos.

311 3523 327 3558 r
346 3505 403 3559 edF
423 3506 468 3573 (ne
487 3503 604 3558 haereas
622 3505 653 3558 in
671 3504 774 3559 iterato
793 3523 871 3574 quoe,
891 3505 926 3559 oi.
946 3521 1031 3574 supra
1049 3523 1073 3558 v.
1089 3510 1106 3556 4
1124 3506 1215 3574 qai-
1227 3508 1292 3573 qur).

314 3581 348 3628 12
367 3576 399 3629 de
418 3577 515 3630 itinere
532 3576 558 3629 R
577 3576 695 3630 detinere
712 3594 734 3631 r.
800 3582 833 3630 19
852 3577 983 3647 religione
1001 3575 1044 3629 ed.
1114 3581 1148 3629 20
1167 3583 1330 3646 negaturam

310 3665 340 3702 se
357 3665 372 3700 r
390 3647 537 3716 (obscure).
642 3652 676 3701 23
695 3649 810 3702 receset
827 3647 880 3700 LR
897 3650 961 3702 cerei
977 3648 1024 3702 sed
1040 3665 1055 3699 r
1073 3649 1175 3702 oear'eee
1193 3647 1301 3701 sedsed.
1323 3647 1327 3719 t

311 3720 371 3787 ipse
389 3718 441 3771 LR
460 3719 503 3772 ed.
523 3720 612 3786 ipsum
632 3737 654 3771 r.
719 3724 753 3771 24
771 3720 886 3774 ceretio
903 3735 989 3788 aegere
1008 3718 1053 3773 ed.
1068 3723 1077 3787 t
1093 3720 1237 3774 ootuntcte
1254 3719 1304 3772 eu.

312 3795 348 3843 30
360 3791 552 3857 praescivisset
569 3790 636 3860 cdl
654 3792 787 3848 transiret
804 3791 860 3846 LR
878 3793 1004 3850 transire
1022 3809 1085 3848 coa
1102 3791 1152 3847 ed.
1177 3833 1179 3835 »
