3250 4350
554 487 558 494 .
665 442 849 497 AENEIDOS
866 443 904 498 IV
1225 443 1298 509 ’355

278 614 424 685 stantem,
460 612 538 671 bello
571 619 737 687 strenuum,
773 613 857 688 pacis
893 611 1078 687 temporibus
1113 612 1297 690 religiosum,

277 702 480 759 necessarium
507 701 629 774 viduae,
661 704 862 760 necessarium
889 701 1065 776 destitutae,
1097 704 1299 761 necessarium

278 789 420 848 condenti
452 791 606 861 civitatem
637 809 747 850 novam
779 793 809 849 et
841 809 920 849 nova
950 790 1072 865 imperii
1103 790 1299 850 fundamenta

276 878 421 936 roborare
443 880 584 954 cupienti,
607 881 804 939 necessarium
822 882 932 938 'contra
954 878 1169 956 Pygmalionis·
1183 880 1296 938 violen-

246 970 368 1041 stiam,
397 969 449 1042 qui
475 986 585 1045 magna
607 988 699 1027 manu
722 968 898 1043 sperabatur
920 985 982 1027 esse
1004 965 1168 1029 venturus?
1214 985 1298 1027 acce·

276 1055 369 1114 debat
388 1056 520 1131 corporis
539 1056 627 1116 decus
646 1061 676 1116 et
694 1058 800 1131 forma,
819 1076 895 1132 quae
914 1058 1020 1116 ceteris
1037 1057 1132 1115 animi
1150 1058 1295 1131 eorporis·

276 1163 336 1220 que
358 1146 526 1221 praecipuis
545 1146 668 1205 adderet
686 1148 885 1221 venustatem,
904 1164 983 1222 quae
1001 1147 1068 1221 ipsa
1086 1146 1200 1221 primus
1218 1145 1299 1206 liber

275 1233 433 1293 evidenter
455 1237 607 1310 expressit,
626 1254 693 1294 cum
716 1235 870 1295 recedente
892 1235 970 1294 nube
992 1235 1139 1311 plurimus
1161 1234 1298 1294 fulsisset

274 1326 309 1381 in
334 1323 404 1382 sole.
446 1325 617 1400 multusque
639 1329 773 1384 recursat
796 1327 894 1402 gentis
916 1324 1024 1383 hcncs:
1047 1323 1169 1382 tertiam
1191 1323 1298 1399 posuit

230 1433 258 1472 rc
274 1414 396 1490 genesis
423 1412 556 1488 laudem,
588 1414 661 1472 haec
689 1415 768 1473 enim
794 1417 867 1473 tunc
894 1413 1029 1489 prodest,
1061 1414 1088 1472 si
1119 1431 1196 1488 quae
1224 1415 1297 1471 sunt

274 1503 511 1576 uniuscuiusque
538 1505 662 1578 propria
688 1505 801 1562 rationi
826 1503 981 1580 sanguinis
1003 1505 1083 1560 recte
1107 1501 1295 1561 conveniant.

273 1609 348 1648 nam
363 1591 510 1666 quomodo
524 1588 643 1650 Aeneae
661 1593 776 1650 meritis
794 1591 978 1666 praedicatio
998 1589 1151 1648 accederet
1168 1592 1295 1668 generis,

273 1680 302 1739 si
330 1681 396 1754 ipse
423 1681 552 1755 propriis
585 1680 670 1740 bonis
699 1681 819 1740 laudari
845 1699 906 1740 non
933 1676 1054 1755 posset?
1099 1679 1173 1738 haec
1199 1681 1295 1757 igitur

272 1786 347 1845 pars
375 1770 407 1825 in
435 1787 469 1828 eo
498 1772 556 1844 est,
583 1773 618 1828 ut
640 1772 733 1829 etiam
755 1770 821 1845 ipsa
844 1788 879 1826 cx
902 1769 1039 1844 piurimis
1063 1771 1190 1827 constet:
1222 1787 1293 1827 nam

230 1877 256 1917 rs
272 1857 390 1917 sciebat
408 1855 487 1915 Dide
506 1876 569 1918 esse
582 1857 705 1917 Aenean
720 1858 844 1917 Veneris
863 1857 968 1932 filium,
985 1855 1140 1933 Cupidinis
1159 1858 1292 1931 fratrem,

272 1946 417 2019 Mercuri,
442 1946 562 2021 Teucri,
585 1946 721 2006 Dardani
744 1947 871 2006 adfinem
895 1948 938 2022 et,
966 1946 1046 2021 quod
1073 1964 1166 2021 supra
1191 1948 1292 2005 omnia

272 2035 343 2109 fuit,
367 2037 507 2110 nepotem
530 2035 618 2095 Iovia.
664 2037 788 2095 haerent
809 2036 895 2094 infixi
916 2037 1035 2111 pectore
1058 2035 1159 2094 vultus
1187 2035 1291 2094 verba·

272 2144 346 2201 que:
376 2124 501 2183 haerent
522 2127 642 2200 pectore
664 2125 710 2187 bis
734 2124 940 2201 accipiendum
963 2127 1021 2200 est,
1048 2127 1084 2183 ut
1106 2123 1146 2183 sit
1167 2125 1292 2184 haerent

271 2216 396 2291 pectore
419 2213 521 2272 vultus
544 2214 636 2289 infixi,
659 2215 783 2274 haerent
806 2215 897 2274 verba
918 2216 1046 2290 pectore.
1083 2212 1168 2271 infixi
1190 2216 1291 2272 autem

224 2314 256 2361 ie
271 2302 356 2379 quod
384 2302 441 2377 ait,
469 2303 508 2361 ad
535 2301 613 2363 scios
640 2305 743 2363 vultus
770 2304 915 2379 pertinet,
943 2305 1014 2379 quia
1037 2304 1095 2361 crit
1116 2301 1237 2376 vitium,
1265 2305 1291 2363 si

271 2392 410 2450 dicamus
432 2391 517 2449 infixi
534 2392 683 2467 verbaet
701 2394 797 2470 magis
816 2412 871 2468 pro
890 2411 1017 2467 persona
1036 2392 1166 2450 amantis
1183 2392 1290 2451 melius

271 2479 422 2556 accipitur
452 2480 536 2539 infixi
567 2482 676 2541 vultus.
722 2482 813 2540 verba
846 2481 926 2540 enim
957 2483 1150 2559 augmentum
1178 2479 1291 2539 dabant

270 2571 379 2643 amori,
402 2587 462 2628 non
479 2572 609 2645 primam
627 2588 755 2630 causam.
792 2571 918 2629 haerent
935 2573 966 2628 et
982 2569 1067 2627 infixi
1084 2568 1161 2627 hanc
1178 2569 1291 2627 habent

269 2659 422 2718 rationem
442 2678 531 2733 quam
549 2660 640 2718 habet
658 2659 738 2735 quod
756 2660 848 2718 etiam
865 2662 899 2718 in
917 2660 1006 2717 tertie
1026 2658 1102 2717 libro
1126 2660 1170 2717 ait
1194 2649 1288 2739 (286)

218 2752 252 2801 ²5
270 2766 360 2823 „aere
380 2765 453 2807 cavo
472 2748 609 2823 clipeum,
628 2750 731 2827 magni
753 2752 906 2825 gestamen
925 2747 1061 2822 Abantis,
1084 2746 1219 2823 postibus
1238 2747 1288 2806 ad·

269 2835 367 2896 versis
400 2834 485 2913 fig0“.
531 2836 585 2913 figi
617 2840 697 2895 enim
728 2836 838 2895 dicitur
870 2836 951 2913 quod
982 2838 1025 2895 sic
1058 2836 1149 2895 alicui
1180 2836 1289 2911 speciei

269 2927 422 3001 iungitur,
450 2927 485 2984 ut
512 2925 584 2984 velli
606 2946 667 2985 non
689 2927 797 3001 possit,
826 2929 857 2985 et
878 2925 982 2984 haeret
1005 2925 1084 3001 quod
1106 2944 1167 2984 non
1189 2928 1290 3001 potest

269 3013 416 3090 separari.
462 3015 563 3073 vultus
587 3017 737 3090 pertinent
760 3015 799 3073 ad
822 3017 955 3090 corporis
977 3014 1109 3090 laudem,
1134 3014 1227 3074 verba
1250 3014 1289 3073 ad

269 3104 368 3163 animi
399 3102 660 3177 praedicationem.
705 3122 757 3163 nec
783 3104 937 3177 placidam
967 3105 1104 3163 memhris
1135 3105 1187 3162 dat
1215 3122 1289 3163 cura

218 3191 412 3266 ⁸⁰·qecietcm:
447 3191 595 3250 diversam
622 3195 760 3251 nahmam
788 3196 879 3269 poeta
905 3194 1002 3253 voluit
1029 3210 1091 3252 esse
1120 3194 1230 3251 amoris
1258 3195 1289 3251 et

267 3282 382 3341 somni:
415 3299 534 3340 somnus
563 3283 673 3357 quippe
696 3283 831 3357 quietam
853 3282 952 3340 sedem
976 3282 1105 3357 quaerit,
1128 3280 1184 3340 hcc
1206 3284 1287 3340 tene-

266 3370 361 3429 batur
389 3370 518 3445 Aeneas,
542 3371 689 3451 ¹quoniam
716 3372 827 3446 quietis
855 3371 964 3430 animis
990 3371 1080 3445 fuit,
1100 3371 1204 3429 contra
1235 3369 1287 3427 ubi

343 3544 358 3593 7
376 3540 537 3609 praecipias
555 3539 607 3592 LR
622 3557 667 3609 pr.
682 3531 831 3595 virtutihus
849 3540 915 3593 edF.
932 3542 936 3608 Ι
953 3544 1092 3594 mactate
1109 3538 1139 3594 L.
1156 3540 1160 3607 Ι
1178 3540 1288 3607 primm

266 3614 337 3667 liber
356 3609 410 3664 LR
424 3612 517 3679 primo
535 3612 605 3665 libro
620 3616 702 3679 poeta
720 3612 764 3665 ed.
850 3617 881 3665 12
902 3611 1035 3665 accederit
1052 3609 1104 3662 LR
1123 3626 1191 3664 corr.
1210 3628 1232 3665 r.

267 3684 383 3767 lalipee
397 3698 450 3735 om.
462 3683 504 3736 ed.
562 3686 594 3735 16
609 3688 635 3736 et
648 3682 785 3765 Mercurii
799 3682 842 3736 ed.
860 3686 864 3751 Ι
880 3699 914 3738 ac
926 3682 1061 3736 Dardani
1079 3681 1121 3736 ed.
1177 3686 1212 3733 23
1230 3698 1288 3736 cen

259 3770 390 3881 atti
405 3769 592 3879 tttttt·
607 3770 677 3879 tim
695 3752 1171 3894 dimittimini-'‘eiiii“
1188 3753 1231 3806 ⁹‘¹'

1030 3915 1086 3945 rint
