3250 4350
672 429 855 486 AENEIDOS
873 431 887 483 1
963 461 966 466 -
1224 430 1287 494 123

265 601 367 658 sentes
386 598 481 677 igituir
499 599 613 658 detenti
633 602 710 673 sunt,
726 601 778 674 qui
797 600 900 675 epulas
920 594 1071 659 sumerent
1083 590 1158 659 cum
1174 601 1287 676 regina,

257 687 443 747 :absentibus
471 707 542 748 vero
571 692 601 747 et
628 688 660 745 in
687 689 775 747 litore
803 690 974 748 constitutis
1006 691 1089 747 misit
1120 690 1287 747 necessaria

258 778 375 852 uictui,
408 796 485 852 quae
509 777 625 836 abunde
654 781 849 852 superessent.
896 782 939 851 et,
968 779 1039 852 quia
1066 795 1190 836 munera
1216 797 1287 836 cum

260 869 379 925 ‘ornatu
410 885 464 926 suo
492 865 644 944 Vergilius
676 868 789 944 tangit,
827 867 937 926 idcirco
974 867 1075 942 posuit
1105 885 1157 925 uec
1188 869 1287 924 miuus

236 958 380 1016 sinterca
402 957 488 1014 sociis
511 956 552 1014 ud
570 957 658 1014 litora
675 957 762 1014 mittit
779 958 883 1029 uiginti
901 961 1011 1023 tauros,
1030 972 1205 1028 magnorum
1222 957 1288 1013 hor·

265 1047 364 1104 centio
392 1048 505 1102 cerrum
533 1049 613 1118 tergo
639 1061 739 1112 suum,
763 1047 887 1118 pinguis
910 1049 1023 1104 ceutuur
1046 1063 1112 1104 curu
1134 1044 1340 1103 uacuusoss

258 1151 370 1208 ›apuoa
388 1151 513 1193 munera
535 1132 730 1207 laetitiamque
754 1135 807 1192 dei.
846 1133 964 1210 viginti,
987 1133 1094 1208 inquit,
1118 1135 1230 1206 tauros,
1254 1135 1288 1191 ut

266 1225 446 1281 numerosi
469 1241 575 1300 genere
599 1223 776 1280 animalium
799 1226 920 1281 ornaret
944 1223 1024 1298 quod
1047 1221 1170 1281 laudare
1189 1222 1287 1296 dispo·

265 1315 377 1370 suerat.
424 1313 450 1369 si
482 1313 562 1370 enim
589 1314 703 1370 taceret
730 1311 766 1370 de
792 1313 890 1370 tauris
918 1314 948 1370 et
976 1330 1078 1370 eorum
1105 1328 1228 1369 numero
1258 1313 1289 1369 et

222 1423 251 1462 io
265 1400 359 1460 boves
380 1400 499 1474 diceret,
518 1402 666 1460 minueret
689 1402 821 1477 gratiam
842 1401 999 1478 largientis
1022 1404 1053 1459 et
1076 1420 1178 1460 eorum
1200 1398 1288 1457 meri-

265 1493 334 1548 tum
356 1492 410 1565 qui
433 1490 487 1549 hos
510 1490 630 1549 fuerant
652 1491 837 1566 percepturi,
860 1491 1036 1565 plerumque
1060 1490 1140 1547 enim
1162 1508 1217 1564 pro
1241 1507 1288 1546 ac·

266 1580 387 1654 cepturi
413 1580 541 1653 persona
567 1581 622 1637 aut
649 1579 771 1637 maioris
799 1579 900 1637 meriti
931 1598 1056 1637 munera
1088 1581 1141 1636 aut
1172 1579 1289 1635 minora

267 1670 439 1726 mittuntur.
477 1687 655 1744 magnorum
673 1667 826 1726 horrentia
847 1671 977 1726 centum
989 1670 1075 1743 terga
1098 1685 1199 1725 suum:
1222 1685 1288 1724 ecce

268 1759 297 1816 et
326 1757 375 1814 hic
404 1775 573 1815 a‘numero
596 1759 681 1816 auxit
703 1756 938 1816 benivolentiam
961 1756 1060 1816 dantis
1085 1759 1115 1815 et
1137 1757 1288 1832 magnitu-

226 1868 252 1907 15
267 1846 338 1904 dine
366 1847 508 1921 laterum,
540 1847 693 1905 horrentia
722 1865 776 1920 pro
805 1844 989 1905 admirandis
1011 1847 1120 1921 posuit.
1167 1845 1288 1921 pinguis

265 1938 390 1994 centum
412 1954 480 1994 cum
503 1935 649 1993 matribus
673 1952 779 2011 agnos:
805 1953 871 1993 'non
893 1937 1016 1993 recessit
1039 1954 1058 1992 a
1080 1935 1211 1992 numeris
1235 1951 1289 1990 nec

266 2025 305 2083 ab
330 2024 397 2100 ipsa
420 2025 582 2099 qualitate,
613 2043 685 2083 nam
706 2025 828 2101 pinguis
852 2019 945 2101 agnos
969 2024 1058 2098 dixit,
1086 2023 1139 2098 qui
1161 2025 1287 2100 pingues

264 2133 329 2172 non
362 2115 473 2188 essent,
505 2113 565 2172 nisi
597 2116 626 2171 et
658 2132 760 2171 eorum
792 2116 903 2171 matres
935 2114 1012 2172 tales
1044 2113 1194 2170 fuissent·
1228 2112 1288 2169 cito

267 2205 370 2262 autem
393 2222 447 2278 per
471 2205 674 2261 centenarium
697 2221 853 2261 numerum
877 2222 1023 2279 agnorum
1047 2202 1174 2260 ducenta
1197 2201 1288 2259 fuisse

223 2314 252 2353 so
267 2293 371 2368 capita
402 2292 626 2350 demonstravit.
673 2310 796 2350 munera
824 2292 1032 2367 laetitiamque
1060 2291 1122 2349 dei:
1158 2293 1191 2348 in
1218 2290 1288 2348 vino

266 2385 390 2440 tantum
422 2398 485 2439 esse
517 2381 642 2439 missum
673 2380 813 2440 debemus
846 2382 1019 2458 intellegere
1048 2382 1192 2455 quantum
1221 2397 1288 2437 con-

258 2473 392 2548 grueret
419 2471 524 2528 ceteris
553 2488 630 2544 quac
654 2472 810 2545 speciatim
834 2474 991 2528 numerata
1015 2472 1092 2528 sunt.
1138 2467 1288 2527 ordinatio

267 2578 372 2619 sensus
400 2559 507 2617 melius
536 2558 724 2617 intellectum
746 2559 921 2634 patefaciet,
949 2578 1027 2633 quac
1051 2560 1096 2616 est
1118 2557 1203 2615 talis:
1236 2573 1289 2613 neo

266 2649 368 2706 minus
387 2649 502 2706 interea
522 2649 609 2706 sociis
629 2646 668 2705 ad
686 2648 777 2706 litora
798 2650 893 2706 mittit
916 2666 1041 2705 munera
1064 2650 1094 2704 et
1116 2646 1190 2703 dicit
1213 2662 1289 2719 quae

221 2739 331 2797 assint
358 2739 426 2811 ipsa
453 2756 586 2812 munera,
613 2736 731 2815 viginti,
753 2738 862 2811 inquit,
885 2740 997 2810 tauros,
1022 2753 1199 2813 magnorum
1221 2733 1289 2791 hor-

266 2828 368 2885 rentia
392 2828 510 2884 centum
533 2828 619 2902 terga
642 2844 742 2898 suum,
764 2828 885 2903 pinguis
910 2828 1029 2883 centum
1052 2842 1120 2883 cum
1142 2822 1289 2882 matribus

260 2934 364 2993 agnos
388 2915 597 2990 laetitiamque
620 2914 675 2973 dei.
721 2914 846 2973 litorum
869 2915 941 2974 fecit
963 2916 1159 2988 mentionem,
1187 2915 1222 2970 ut
1244 2914 1289 2969 in·
1385 2922 1388 2925 “

265 3004 448 3082 tellegamus
478 3004 552 3062 alios
579 3002 671 3061 fuisse
698 3004 731 3061 in
760 3021 876 3062 secessu
903 3004 1007 3081 longo,
1036 3002 1111 3061 alios
1139 3002 1171 3059 in
1194 3002 1289 3059 altero

267 3094 368 3168 litore,
392 3092 445 3168 qui
469 3111 536 3150 cum
554 3091 668 3150 Ilioneo
692 3094 812 3151 fuerant
834 3092 964 3165 liberati,
983 3111 1017 3150 ao
1040 3112 1094 3167 per
1116 3092 1171 3150 hoc
1196 3092 1289 3149 omni-

231 3203 255 3242 ao
268 3182 324 3241 bus
353 3181 542 3259 intellegitur
569 3183 697 3254 misisse,
726 3201 793 3239 cum
821 3180 896 3239 dicit
923 3181 961 3239 ad
988 3181 1088 3239 litora.
1134 3184 1166 3240 ut
1187 3181 1289 3238 deuius

268 3273 392 3331 interior
422 3270 516 3343 reguli
547 3269 701 3343 spleudielc
733 3270 806 3328 lucu
833 3272 998 3329 instruitur.
1045 3270 1107 3329 alia
1133 3270 1289 3327 moralitas

342 3466 441 3513 tuero
460 3475 515 3512 om.
531 3458 573 3511 ed,
656 3462 797 3511 decatum
811 3458 930 3527 pinguis
948 3457 991 3510 cd.
1075 3462 1136 3512 θεῖ
1153 3473 1243 3511 corum
1256 3488 1289 3494 —
1367 3480 1369 3483 ·

270 3535 303 3585 10
323 3532 470 3601 largientis
488 3546 541 3582 om.
561 3534 659 3583 taceret
678 3527 827 3581 substituit
845 3528 888 3581 ed.
997 3534 1029 3581 12
1053 3530 1170 3583 uetueris
1193 3527 1236 3581 ed.

270 3609 302 3657 15
322 3604 446 3657 lotorum
463 3618 485 3654 r.
562 3605 606 3653 ,17
625 3617 691 3653 uum
710 3617 763 3653 om.
779 3599 823 3653 ed.
912 3605 945 3653 19
964 3617 1100 3671 equorum
1119 3616 1171 3652 om.
1192 3598 1235 3652 ed.

270 3679 302 3728 22
321 3679 471 3729 uumcrata
490 3672 542 3725 LR
560 3688 675 3725 muueru
694 3671 738 3724 ed.
793 3676 828 3723 23
846 3688 901 3727 esse
919 3671 971 3725 LR
989 3678 1028 3726 est
1045 3690 1059 3723 r
1078 3671 1121 3725 ed.
1178 3675 1212 3722 24
1231 3687 1289 3723 uru-

268 3743 462 3801 ruruomed.
514 3742 683 3797 asarum.
735 3742 1057 3797 assecuturum.
1109 3741 1290 3812 arrepebat

270 3816 387 3889 regalis]
405 3832 469 3869 cum
483 3828 581 3868 rasura
595 3814 619 3866 R
634 3815 664 3866 at
677 3812 752 3867 infra
766 3815 860 3884 regali.
878 3816 882 3883 ί
898 3816 1041 3869 eraclitus
1055 3814 1110 3867 Lu
1122 3814 1236 3870 uuum
1251 3812 1300 3866 od.
