3250 4350
706 399 890 455 sunalbus
910 400 948 455 vi
1270 400 1336 466 599

314 575 398 629 stam
422 570 485 629 sale
513 570 663 643 Tyrrhena
695 571 815 629 classes:
852 569 925 644 quid
956 570 1065 628 iustius
1092 571 1148 629 hac
1176 588 1278 644 causa,
1310 572 1340 629 si·

316 660 480 718 timebatur
516 677 598 717 mare
634 660 667 718 in
704 678 764 734 quo
796 659 989 736 naufragium
1020 659 1132 719 fecerat
1164 661 1195 717 et
1227 660 1337 717 iterum
1412 701 1416 705 .

317 749 422 808 classis
450 748 503 809 sub
530 749 644 807 incerto
674 748 802 823 periculi
825 747 938 807 diutius
961 767 1021 806 non
1044 766 1107 807 esse
1130 746 1253 807 debuit?
1280 748 1337 808 hcc

317 842 384 896 erat
411 837 507 896 dicere
535 839 658 913 propter
685 837 808 896 eundem
837 839 868 896 te
895 836 981 895 navis
1008 855 1090 896 meas
1121 838 1154 895 in
1182 837 1336 912 Tyrrheno

284 928 396 990 amari
423 926 537 1000 dimisi,
564 927 596 984 in
626 925 733 1001 quibus
761 928 858 985 omnis
886 925 1050 986 constituta
1077 929 1123 986 est
1150 925 1189 984 ad
1212 925 1337 985 Italiam

315 1015 509 1092 perveniendi
537 1033 613 1091 spes.
661 1013 742 1090 quad
767 1015 812 1073 ait
835 1016 989 1090 Tyrrheno
1011 1017 1097 1088 mari,
1120 1015 1177 1073 hoc
1199 1015 1337 1092 intellegi

315 1108 418 1180 potest
437 1105 469 1162 in
490 1107 587 1180 portu,
607 1123 666 1162 non
684 1105 716 1162 in
735 1104 798 1164 alta
818 1105 904 1163 navis
923 1122 1004 1164 meas
1022 1103 1132 1177 dimisi,
1151 1122 1273 1163 saevum
1291 1106 1337 1162 ast

316 1194 508 1269 Tyrrhenum⁴
532 1212 627 1266 mara,
655 1194 740 1253 novit
768 1195 831 1252 iam
855 1196 959 1252 nostra
981 1193 1149 1270 naufragia,
1172 1192 1335 1251 cavendum

316 1286 375 1359 est,
417 1297 454 1340 ne
492 1281 565 1356 quid
605 1281 714 1340 iterum
750 1283 893 1343 moliatur
913 1282 1015 1342 cuius
1052 1281 1210 1358 perfidiam
1239 1283 1335 1341 sensi.

270 1394 299 1436 ιο
315 1374 358 1433 ala
385 1375 505 1446 emicare
531 1373 672 1440 dextram,
700 1371 749 1440 da,
774 1373 896 1447 gemtor,
919 1375 1000 1446 tedae
1023 1371 1158 1444 amplexa
1180 1388 1217 1429 ae
1239 1371 1337 1430 divide

314 1465 429 1520 nostra·
462 1460 608 1520 didicerat
634 1460 714 1519 enim
739 1462 772 1518 in
796 1458 926 1520 Creusae
952 1479 1044 1521 causa
1066 1462 1251 1520 mortuorum
1274 1478 1336 1520 esse

315 1551 440 1609 fallaces
473 1549 635 1625 amplexus.
681 1551 723 1609 sic
753 1567 920 1610 menorans
951 1551 1034 1626 largo
1065 1551 1135 1623 fletu
1165 1549 1256 1608 mmai
1282 1566 1335 1606 ora

314 1641 442 1715 rigabat,
465 1639 514 1697 vel
538 1638 618 1713 quod
640 1638 735 1696 talem
756 1639 929 1715 perdiderat
950 1641 1069 1715 patrem
1092 1638 1141 1700 val
1164 1637 1244 1714 quod
1269 1657 1337 1696 aum

315 1730 417 1788 fuerat
438 1732 557 1788 maturo
575 1728 675 1786 reditu
694 1727 872 1789 deserturus.
907 1731 950 1787 ter
967 1732 1089 1787 emeatus
1106 1728 1148 1786 tbi
1165 1727 1236 1786 calla
1255 1729 1327 1786 dare
1337 1733 1390 1782 700

270 1840 298 1881 aa
316 1817 453 1878 bracchia
476 1819 594 1884 mecam,
618 1821 660 1876 ter
682 1818 797 1890 frastra
819 1833 974 1890 compressa
995 1834 1103 1874 mamas
1122 1818 1223 1891 effugit
1239 1819 1336 1889 imago

311 1925 375 1981 par
396 1907 507 1966 levitas
529 1908 622 1966 vemas
643 1906 810 1978 calamique
831 1906 983 1964 simillima
1009 1921 1125 1963 semaa:
1148 1905 1264 1963 factum
1291 1908 1337 1964 est

316 1995 398 2072 quod
420 1995 537 2055 Aeneas
565 2014 602 2055 na
630 1997 818 2072 confingeret
841 1995 958 2066 timuit,
989 2013 1060 2053 nam
1083 2011 1152 2052 cum
1175 1993 1281 2052 avidus
1303 1994 1337 2052 in

315 2085 413 2161 patris
435 2086 494 2143 iret
512 2085 665 2160 amplexus
685 2089 715 2143 et
733 2084 811 2143 eolla
829 2086 892 2143 eius
912 2083 1051 2143 officiosis
1069 2081 1199 2141 brachiis
1218 2082 1335 2160 cingere

316 2172 472 2250 niteretur,
485 2175 597 2233 frustra
615 2176 730 2235 factum
749 2178 807 2249 est,
827 2171 908 2249 quod
926 2174 1006 2233 enim
1024 2174 1123 2232 fuerat
1137 2174 1226 2229 inane
1240 2171 1335 2231 teneri

270 2286 300 2326 aa
315 2282 378 2323 non
400 2265 508 2339 potuit.
546 2263 674 2340 denique
697 2264 776 2342 fugit
799 2264 900 2340 imago
923 2282 983 2322 non
1006 2263 1049 2321 sic
1072 2261 1156 2335 dixit,
1175 2262 1263 2336 quasi
1284 2280 1335 2320 vo-

315 2354 434 2411 luntate
457 2352 502 2411 ffli
523 2357 596 2413 vcta
619 2353 775 2426 desereret,
794 2352 846 2411 sed
870 2351 1102 2412 subtrahebatur
1119 2350 1257 2409 manibus
1276 2368 1334 2409 non

316 2441 466 2501 Anchisae
495 2441 606 2517 studio,
634 2441 685 2501 sed
712 2444 837 2501 natiuae
865 2440 1019 2500 deficiente
1047 2440 1228 2513 substantia,
1252 2457 1286 2497 ae
1309 2441 1336 2497 si

317 2532 387 2607 quis
410 2531 484 2590 velit
506 2535 607 2590 tenere
630 2534 734 2590 ventas
757 2534 811 2591 aut
834 2548 922 2590 auras
945 2549 1036 2589 manu
1059 2527 1241 2588 concludere.

384 2620 504 2679 Interea
530 2621 609 2679 uidet
630 2618 747 2679 Aeneas
773 2622 806 2679 m
828 2620 906 2680 calle
926 2620 1047 2679 redacta
1068 2618 1211 2676 seclusam
1234 2634 1336 2675 nanus

270 2728 301 2784 aa
317 2713 345 2768 et
370 2709 499 2784 virgulta
525 2711 664 2769 sonantia
690 2709 782 2769 sdeae
803 2708 1033 2781 Lethaeamque,
1061 2708 1164 2765 domas
1186 2706 1326 2780 placidas
1337 2712 1388 2762 705

316 2799 369 2872 qai
386 2802 555 2870 praemetet,
578 2815 700 2858 ammam
746 2799 823 2856 banc
845 2798 953 2856 circam
975 2799 1147 2855 innumerae
1166 2799 1263 2870 gentes
1281 2813 1336 2868 pa-

310 2887 435 2961 bulique
456 2887 608 2947 volabant:
633 2905 744 2964 magna
767 2887 879 2945 circum
901 2884 1066 2946 Lethaeum
1087 2884 1212 2946 fiuviiun
1235 2903 1336 2943 nemo·
1413 2947 1415 2951 ,

315 2994 410 3051 raqua
430 2978 494 3036 aius
514 2979 544 3036 et
561 2976 726 3035 multarum
742 2977 885 3053 gentium,
899 2976 1008 3050 inquit,
1023 2975 1144 3051 agmina
1157 2973 1334 3033 volitabant.

316 3083 353 3124 aa
374 3065 453 3123 celat
474 3068 507 3124 ta
524 3068 632 3139 pratis,
651 3066 702 3124 abi
724 3082 795 3138 apes
817 3068 925 3123 aestate
941 3080 1046 3123 serena
1064 3064 1186 3134 floribus
1202 3064 1337 3121 decidam

270 3175 302 3217 aa
316 3155 411 3212 camis
443 3158 470 3213 et
501 3155 628 3213 candida
660 3155 769 3213 arcam
800 3153 866 3212 lilia
897 3153 1079 3226 faedaretur,
1112 3153 1214 3224 strepit
1241 3153 1335 3209 amnis

391 3365 405 3412 1
425 3360 491 3414 baec
508 3376 594 3413 caasa
608 3357 640 3411 V.
700 3363 714 3411 7
733 3374 791 3413 aaa
808 3359 840 3411 ic
858 3359 915 3413 laco
929 3357 955 3411 V
973 3375 1000 3411 a.
1016 3360 1035 3411 i.
1050 3358 1105 3411 alta
1124 3372 1175 3409 nos
1195 3354 1335 3408 coniectu-

316 3446 379 3483 ram
398 3430 489 3484 sacuti
507 3429 643 3496 Fabricii,
664 3429 714 3498 qui
731 3447 779 3485 sea
797 3430 853 3484 alta
873 3428 1031 3498 adscripsit.
1106 3434 1121 3479 9
1140 3427 1273 3481 sensimus
1291 3426 1334 3478 ed.

373 3506 407 3555 10
430 3502 522 3556 divide
540 3501 566 3555 V
588 3502 715 3555 subtrahe
738 3500 781 3555 ed.
802 3502 831 3555 et
853 3500 919 3553 libri
938 3499 1103 3568 Vergiliani.
1197 3502 1230 3550 12
1253 3497 1336 3550 simul

315 3574 383 3640 tteta
401 3572 434 3626 V.
522 3578 556 3625 14
576 3572 759 3627 deseribtmas
776 3571 802 3625 V
821 3573 976 3626 decertem
994 3571 1037 3625 ed.
1122 3575 1154 3622 15
1173 3584 1336 3636 conpraessa

316 3643 343 3695 V
362 3643 432 3697 item
451 3649 477 3709 2,
492 3648 551 3696 793.
630 3649 735 3697 21-22
753 3659 811 3697 aaa
830 3643 954 3697 Ancbs'sa
971 3648 1011 3696 est
1028 3641 1091 3695 adio
1110 3639 1135 3693 V
1154 3656 1222 3694 corr.
1238 3638 1281 3693 ed.

317 3721 351 3769 21
371 3714 426 3782 defi
448 3720 507 3769 ente
524 3714 557 3767 V.
649 3720 684 3768 24
706 3715 777 3768 cidit
794 3714 828 3767 V.
924 3718 959 3767 20
984 3711 1120 3767 damuaV
1147 3711 1297 3778 teiam.

316 3792 351 3839 27
371 3786 484 3839 lethem
498 3787 588 3852 fluam
610 3786 640 3839 V.
