3250 4350
705 416 889 472 AENEIDOS
907 417 946 472 VI
1267 417 1334 483 585

315 587 488 646 altitudinis
511 590 557 648 est
580 579 624 668 (1,
640 578 697 668 34)
721 587 771 661 „in
794 586 891 645 altum
913 587 982 645 vela
1004 586 1117 645 dabant
1140 585 1239 646 laeti“.
1280 588 1390 646 laceo

312 693 408 751 pereas
426 679 580 748 antaeum
595 676 712 743 Terrae,
730 675 850 735 Titania
862 677 965 748 pubes,
984 677 1108 750 fulmine
1126 677 1226 736 deiecti
1240 677 1334 751 fereda

315 766 474 824 colereter
496 768 529 823 ier
551 768 623 824 irio:
645 783 753 840 parum
774 764 835 822 fuit
858 763 966 823 dixisse
988 767 1052 822 tam
1074 765 1222 840 prolixam
1242 766 1334 825 fuisse

316 854 510 914 altitudinem
528 855 658 927 Tartari,
676 854 712 911 in
735 853 806 926 imo,
829 848 939 928 inquit,
961 853 1055 912 fiindo
1079 855 1142 912 eius
1164 853 1334 930 pendebant
1382 848 1384 851 ’

281 944 441 1004 sTitenes
468 962 609 1020 poenam,
637 944 690 1017 qui
717 961 772 1018 pro
800 941 960 1001 sceleribus
988 942 1049 1002 suis
1075 942 1128 1001 icti
1153 943 1278 1001 fulmine
1301 945 1334 1001 in

315 1032 404 1092 illum
426 1033 526 1092 locum
548 1031 625 1089 iuste
648 1032 815 1107 meritoque
839 1029 966 1091 coniecti
987 1034 1066 1092 sunt.
1100 1032 1147 1091 bic
1166 1036 1192 1090 et
1209 1030 1335 1091 Aloidas

313 1124 458 1195 pernices,
487 1123 623 1180 aracaio
649 1121 712 1180 cidi
738 1137 876 1192 capere:
910 1122 1045 1197 geminos
1075 1121 1119 1179 ait
1151 1139 1226 1196 quos
1258 1139 1334 1179 unus

316 1210 452 1270 ediderat
478 1212 597 1286 partus,
625 1211 678 1268 aut
705 1208 871 1285 simplicius
902 1209 1111 1287 intellegamus
1140 1209 1227 1284 duos,
1257 1210 1337 1269 sicut

316 1300 378 1359 alio
401 1291 536 1378 leucii,
556 1290 634 1379 203)
658 1301 749 1374 pocta
771 1299 836 1373 ipse
865 1298 910 1356 ait
936 1316 1021 1372 „ecce
1049 1301 1150 1357 autem
1177 1299 1290 1375 gemini
1317 1318 1336 1357 a

270 1409 299 1450 io
317 1387 436 1447 Tenedo
468 1387 633 1463 tranquilla
664 1406 718 1462 per
749 1386 826 1461 alta,
862 1387 999 1446 horresco
1031 1388 1161 1446 referens
1193 1386 1336 1446 inmensis

317 1476 437 1537 orbibus
467 1474 610 1554 angues“3
641 1476 706 1535 illie
731 1475 811 1534 enim
834 1476 893 1534 duo
916 1475 1077 1554 significati
1100 1480 1171 1534 sunt
1192 1495 1253 1537 non
1275 1495 1335 1534 uno

315 1569 407 1642 partu
439 1565 532 1624 effusi.
588 1568 718 1641 quantae
748 1565 802 1624 isti
833 1564 960 1624 Aloidae
997 1565 1186 1642 proceritatis
1223 1566 1337 1624 fuerint

316 1655 461 1714 ostendit:
492 1655 715 1726 palmaribus,
739 1654 853 1730 inquit,
876 1671 1017 1727 magram
1038 1655 1202 1714 rescindere
1224 1656 1338 1714 caelum

317 1745 450 1816 adgressi
486 1745 655 1817 superisque
686 1743 787 1800 Iovem
823 1742 975 1801 detrudere
1010 1746 1115 1817 reperis.
1167 1743 1240 1819 quid
1275 1763 1336 1803 non

270 1855 298 1896 is
317 1832 441 1891 cuderet
463 1831 616 1891 temeritas
638 1833 688 1890 eui
705 1830 820 1890 ferebat
839 1832 971 1905 eorporis
990 1832 1120 1892 altitudo
1139 1831 1337 1910 suffragium?

318 1921 485 1998 tangebant
510 1920 648 1980 manibus
677 1920 805 1993 caelum,
834 1938 869 1978 ex
897 1939 931 1978 eo
960 1920 1100 1980 arbitrati
1124 1924 1194 1980 sunt
1217 1923 1335 1982 excluso

318 2011 389 2069 Iove
412 2028 499 2086 posse
518 2009 576 2068 sibi
595 2011 657 2069 eius
676 2009 835 2084 imperium
854 2008 964 2068 cedere.
998 2011 1085 2068 tanto
1104 2013 1205 2069 autem
1222 2012 1337 2069 maiore

317 2099 453 2158 fulminis
483 2099 629 2158 violentia
660 2099 757 2174 pressi
789 2102 858 2157 sunt
890 2101 1002 2174 quanto
1035 2098 1103 2158 illos
1135 2098 1258 2158 inimica
1289 2101 1338 2159 sui
1384 2089 1389 2126 ³

319 2191 451 2264 corporis
475 2190 572 2247 forma
594 2187 676 2247 eaelo
695 2187 847 2264 proximos
865 2189 985 2247 fecerat.
1021 2206 1086 2247 ecce
1104 2192 1335 2264 propterquam

270 2300 301 2342 so
318 2296 440 2338 eausam
468 2278 634 2353 descriptus
658 2281 704 2335 est
726 2277 870 2335 Tartarus
893 2277 1041 2353 duplicem
1066 2279 1097 2336 iu
1119 2295 1260 2353 praeceps
1283 2278 1335 2335 ha·

318 2367 419 2426 buisse
441 2385 610 2425 mensuram
633 2366 682 2424 vel
706 2385 798 2441 quare
821 2368 854 2423 in
871 2367 966 2425 imum
984 2368 1110 2425 fundum
1128 2368 1191 2425 eius
1210 2368 1338 2425 coniecti

319 2459 398 2529 sunt,
422 2475 459 2514 ne
480 2454 598 2515 Aloidis
622 2455 792 2533 emergendi
816 2456 921 2513 exinde
945 2476 997 2532 per
1020 2456 1211 2515 altitudinem
1234 2473 1337 2532 corpo-

318 2564 387 2603 rum
415 2544 609 2620 praeberetur
636 2543 764 2619 oooasio‚
791 2546 826 2602 ut
850 2546 970 2603 tantum
992 2546 1038 2604 bis
1062 2545 1101 2603 ad
1124 2563 1246 2621 superos
1269 2562 1336 2620 spa-

319 2635 398 2692 tium
429 2636 596 2691 remaneret
628 2632 708 2709 quod
740 2651 881 2709 superare
910 2652 970 2692 non
997 2637 1127 2710 possent.
1173 2652 1240 2692 eum
1266 2653 1336 2709 pro-

272 2744 302 2786 so
319 2722 493 2781 nuntiamus
516 2723 689 2798 superisque
706 2722 810 2780 Iovem
828 2722 985 2780 detrudere
1003 2725 1112 2799 regnis,
1129 2722 1210 2781 Iovis
1228 2741 1336 2781 nomen

319 2810 459 2869 debemus
478 2811 632 2885 extollere3
651 2814 697 2870 est
715 2811 794 2868 enim
813 2812 894 2868 etin
912 2811 1081 2871 nominibus
1100 2829 1227 2889 magnae
1245 2813 1337 2889 signi-

318 2900 420 2959 ficatio
451 2900 623 2976 potestatis,
655 2901 690 2957 ut
719 2899 776 2958 boe
803 2899 869 2957 loco
896 2899 998 2958 Iovem
1026 2919 1164 2977 superare
1193 2918 1224 2959 se
1251 2917 1337 2976 posse

317 2995 430 3048 temere
458 2987 597 3047 abiecti
625 2991 709 3063 sunt,
737 3007 804 3046 eum
832 2988 948 3047 scilieet
972 2989 1025 3065 qui
1047 2989 1123 3048 caeli
1145 2993 1260 3048 teneret
1282 2988 1337 3047 im·

393 3164 407 3209 1
426 3160 491 3227 post
510 3158 576 3211 laeti
593 3157 663 3210 haec
677 3154 850 3225 interpolata
863 3157 952 3211 habet
965 3159 1022 3213 ed:
1042 3158 1109 3224 „sed
1123 3158 1170 3212 hie
1185 3174 1219 3211 ex
1234 3156 1338 3211 affectu

340 3230 406 3283 oeta
423 3227 558 3299 loquutus
576 3232 619 3283 est
637 3228 741 3296 potius,
760 3242 847 3295 quam
865 3230 941 3298 quod
959 3229 1002 3283 ita
1019 3246 1084 3284 vere
1103 3230 1149 3295 sit,
1169 3233 1198 3283 et
1215 3228 1262 3282 hic
1279 3245 1337 3283 me·
1389 3267 1390 3274 κ

319 3248 374 3353 dior
393 3302 436 3354 est
454 3316 565 3366 sensus3
584 3299 637 3353 hoo
655 3298 731 3353 enim
749 3297 837 3352 simili
856 3301 938 3355 modo
957 3301 987 3353 in
1006 3300 1103 3354 multis
1121 3300 1191 3354 locis
1209 3300 1287 3365 fecit,
1305 3303 1338 3353 ut

318 3370 411 3424 multa
429 3370 517 3426 etiam
534 3369 613 3441 vulgi
631 3370 764 3439 opinione
784 3370 913 3425 dixerit&
950 3387 1002 3426 nee
1020 3371 1138 3425 affectus
1161 3374 1263 3441 poetae
1285 3386 1338 3424 nec

319 3442 421 3495 melior
447 3457 545 3496 sensus
572 3441 642 3510 quid
670 3439 725 3494 sibi
751 3440 841 3495 velint
863 3441 1012 3513 intellego:
1044 3443 1164 3497 lacunae
1187 3442 1338 3511 vestigium

319 3512 429 3567 nullum
447 3513 478 3566 iu
495 3511 589 3567 VHO.
659 3518 810 3582 eporeiam
828 3511 854 3566 V
869 3516 951 3581 pouit
969 3514 1011 3569 ed.
1082 3515 1294 3581 emeritamque
1312 3512 1337 3564 V

320 3601 390 3639 corr.
406 3584 449 3638 ed.
466 3590 470 3653 Ι
487 3583 577 3639 olidae
590 3582 623 3637 V.
681 3585 756 3639 raet
773 3583 880 3653 paosV
898 3601 966 3653 quoe
979 3585 1077 3640 cited.
1136 3591 1169 3638 12
1188 3591 1294 3653 pacata
1312 3583 1338 3637 V

320 3662 440 3724 pacatae
458 3654 524 3725 ed!
545 3656 668 3710 aeolidae
681 3653 714 3709 V.
732 3658 736 3724 Ι
756 3656 863 3722 saer-iret
876 3671 929 3710 om.
938 3655 971 3709 V.
1028 3661 1061 3710 13
1079 3657 1172 3726 inquit
1190 3673 1243 3710 om.
1258 3655 1303 3708 cd.

322 3732 356 3780 18
375 3727 490 3781 inimica
508 3726 534 3780 V
551 3726 594 3781 ed.
614 3729 756 3782 inmensa?
820 3732 854 3780 22
874 3728 977 3783 aelidis
991 3727 1032 3783 ll.
1088 3732 1129 3780 uu
1147 3720 1354 3779 comiatum*

319 3797 540 3852 armiclausa:
554 3798 587 3852 cf.
597 3815 620 3852 r.
627 3804 688 3853 611.
747 3804 784 3855 28
798 3800 898 3857 cami
911 3800 1034 3858 eumad.
1045 3804 1060 3870 l
1070 3795 1197 3854 ueremi
1211 3781 1361 3844 amaa
