3250 4350
633 434 635 438 ³
676 408 892 466 AaNsmcsl
951 409 953 412 ⁴
1001 409 1005 418 '
1229 409 1294 475 115

271 580 430 656 potiorem.
477 582 520 640 sic
549 599 618 657 ergo
646 579 765 638 induxit
790 578 923 655 priorem
949 581 1085 640 Achaten
1112 584 1300 658 loquentem,

272 672 307 728 ut
334 669 400 728 sine
426 670 502 728 vitio
532 687 585 728 suo
609 672 640 727 et
662 672 734 728 nota
758 671 821 728 eius
845 688 913 729 cum
936 689 994 746 quo
1017 672 1116 730 fuerat
1137 673 1293 731 locuturus

271 778 440 818 sermonem
467 759 588 833 faceret,
611 777 662 832 ne,
690 757 770 833 quod
791 761 875 834 prior
897 761 980 834 loqui
1004 762 1115 836 coepit,
1142 760 1294 819 videretur

271 847 423 924 adrogans
451 851 482 906 et
509 847 661 923 superbus.
708 851 864 923 expectare
892 850 971 907 enim
998 848 1103 907 debuit
1135 850 1292 908 arbitrium
1325 845 1327 848 ’
1379 924 1382 930 ¹

242 936 401 1012 spotioris
415 955 469 994 nec
483 936 587 995 debuit
599 936 695 995 videri
714 939 839 996 sensisse
859 937 938 1012 quod
956 938 1008 997 ille
1026 957 1087 996 nou
1106 937 1291 997 advertisset.

270 1028 459 1101 temperatur
490 1029 589 1084 totum
620 1027 694 1083 mire
728 1029 758 1085 et
789 1026 942 1084 inducitur
974 1027 1104 1085 Achates
1136 1046 1196 1084 non
1228 1030 1298 1084 tam

271 1114 444 1173 faciendum
467 1131 637 1192 suggerere,
667 1114 718 1174 sed
742 1119 843 1173 utrum
866 1115 1036 1174 faciendum
1059 1120 1149 1189 esset,
1173 1119 1292 1174 servata

271 1204 336 1264 sine
364 1202 457 1262 dubio
484 1203 711 1263 honorificentia
738 1205 801 1263 eius
831 1205 882 1279 qui
910 1206 1034 1277 consilio
1059 1208 1089 1264 et
1112 1206 1291 1263 auctoritate

269 1295 448 1369 praestaret.
496 1311 572 1368 quae
599 1312 677 1363 nunc
706 1293 806 1351 animo
832 1296 980 1353 sententia
1003 1292 1121 1371 surgit?
1165 1295 1291 1352 interro-

227 1404 255 1443 ro
269 1383 372 1460 gantis
400 1381 474 1440 haec
501 1401 560 1441 vox
582 1385 641 1456 est,
663 1401 723 1452 non
746 1381 907 1441 indicantis
930 1386 985 1442 aut
1006 1383 1144 1442 iubentis.
1191 1381 1292 1440 omnia

268 1475 340 1529 tuta
362 1470 454 1544 vides,
479 1472 603 1530 classem
626 1472 780 1547 sociosque
803 1474 950 1546 receptos:
973 1491 1011 1531 ne
1034 1472 1205 1547 specialitas
1223 1489 1291 1547 pro·

269 1559 447 1636 perantib‘us
479 1560 653 1635 prolixitate
690 1579 744 1619 sua
780 1561 894 1619 faceret
929 1579 1040 1636 moras,
1078 1561 1178 1619 clause
1215 1561 1292 1618 dixit

270 1650 410 1723 classem,
440 1650 539 1708 clause
567 1649 643 1707 dixit
665 1649 774 1725 socios,
797 1652 832 1708 ut
855 1652 915 1708 cito
938 1652 1088 1709 transiret.
1136 1649 1223 1709 dictis
1246 1669 1290 1708 re-

270 1738 420 1813 spondent
443 1740 543 1797 cetera
565 1740 684 1798 matris:
718 1757 808 1813 quam
832 1739 891 1798 cito
915 1759 969 1815 per
991 1741 1132 1798 universa
1154 1738 1289 1797 transiit!

228 1847 254 1888 15
270 1827 430 1887 constabat
458 1828 537 1886 enim
566 1847 656 1904 quam
684 1828 875 1887 securitatem
898 1828 945 1886 illi
968 1831 1065 1887 mater
1087 1846 1141 1903 per
1164 1828 1291 1904 auguriis

270 1917 468 1993 promisisset.
513 1917 564 1976 circ
590 1935 625 1976 ea
653 1918 735 1990 fctus
763 1921 839 1986 erat,
872 1935 938 1975 cara
970 1919 1150 1990 circumfuso
1176 1921 1291 1989 reperte

269 2007 379 2064 scindit
401 2022 432 2063 se
453 2007 545 2063 cubes
569 2010 595 2065 et
615 2008 649 2064 irc
671 2007 788 2065 cethem
804 2010 920 2079 parcat
941 2010 1090 2080 apertam:
1126 2025 1186 2064 non
1214 2004 1291 2062 dixit

268 2114 305 2153 ex
332 2094 411 2152 nube
440 2097 590 2172 progressi
617 2097 699 2169 sunt,
727 2095 778 2154 sed
801 2094 894 2154 nubes
918 2095 955 2154 ab
978 2095 1051 2170 ipsis
1075 2095 1231 2168 abscessit,
1254 2097 1289 2153 ut

269 2184 441 2243 ostenderet
453 2184 573 2243 Aeneae
587 2184 749 2245 commodis
768 2186 862 2243 etiam
879 2204 979 2243 rerum
997 2190 1137 2243 naturam
1155 2184 1288 2243 servisse.

227 2296 253 2335 so
266 2274 396 2347 tamdiu,
418 2274 533 2348 inquit,
560 2275 650 2333 celati
672 2278 742 2333 sunt
764 2274 851 2333 nubis
875 2274 999 2333 obtentu
1022 2274 1166 2350 quamdiu
1189 2290 1288 2331 neces-

266 2365 342 2423 sitas
374 2362 449 2436 fuit,
483 2362 534 2420 ubi
566 2382 640 2438 opus
667 2382 728 2421 non
756 2366 834 2436 erat,
861 2366 966 2438 sponte
994 2363 1137 2422 discessit.
1184 2365 1290 2421 restitit

266 2450 387 2510 Aeneas
414 2452 552 2525 claraque
577 2454 610 2510 in
637 2452 699 2511 laco
725 2453 856 2524 refulsit:
891 2455 1038 2529 quantum
1065 2452 1181 2529 gratiae
1205 2450 1288 2509 dedit

266 2542 397 2617 Aeneae,
416 2557 484 2598 cum
506 2540 592 2599 illurn
611 2540 685 2599 dicit
703 2540 861 2617 splendore
880 2560 940 2600 suo.
953 2543 1049 2600 lucem
1068 2541 1128 2599 diei
1146 2540 1288 2599 tribuisse

266 2630 436 2688 meliorem!
473 2629 547 2689 dicit
568 2632 631 2689 iam
653 2630 733 2688 unde
755 2631 859 2689 tantus
883 2632 1080 2706 apparuisset.
1117 2647 1158 2697 cs,
1179 2629 1288 2703 inquit,

229 2734 440 2791 tremoresque
469 2718 520 2777 deo
549 2719 671 2790 siraib's;
707 2735 835 2791 eamque
861 2722 929 2792 ipsc
956 2721 1090 2778 decoram
1119 2720 1341 2778 caesarienses

266 2812 337 2867 nato
358 2808 491 2880 caetris
514 2809 665 2881 laneaque
687 2810 823 2867 turcatos
839 2826 1027 2881 prrrprrrecm
1045 2812 1071 2866 et
1089 2809 1178 2867 laetos
1195 2807 1288 2867 cecus

267 2899 401 2969 adflarat
427 2896 556 2955 bonaco.
602 2896 744 2956 beneficia
771 2897 845 2956 haec
872 2897 947 2955 haut
975 2896 1138 2955 difficulter
1160 2898 1286 2973 praesti-

267 2989 347 3045 terat
381 3002 457 3059 quae
488 2989 585 3044 mater
615 2986 722 3045 fuisset
753 2989 784 3045 et
817 2986 880 3044 dea.
926 2988 1012 3059 quote
1037 3003 1145 3044 manus
1174 2986 1288 3045 adduct

266 3076 347 3135 ebori
369 3074 458 3132 decas
480 3078 533 3133 aret
554 3076 605 3133 abi
627 3076 704 3147 flacc
728 3079 881 3148 arpentum
903 3074 1048 3133 Pariusve
1066 3076 1144 3147 lapis
1164 3078 1286 3135 circum-

340 3280 443 3335 2oitr'o
461 3294 510 3334 sao
529 3286 554 3333 et
571 3287 637 3335 cota
655 3280 714 3335 eius
727 3280 779 3333 th
793 3298 817 3335 c.
833 3281 892 3334 eius
910 3287 935 3334 et
952 3286 1019 3334 recta
1037 3280 1080 3333 cd.
1137 3281 1285 3347 equod-—

264 3354 354 3422 ccepit
371 3350 425 3403 LR
442 3351 647 3420 si-coepr'sset
664 3352 707 3405 ed.
805 3357 985 3423 sauppereras
1004 3351 1047 3405 ed.
1082 3352 1086 3422 Ι
1120 3357 1216 3405 atram
1234 3352 1287 3403 LR

265 3424 334 3494 quid
352 3430 413 3477 tum
432 3421 475 3475 ed.
539 3427 572 3477 15
591 3440 673 3491 quara
691 3425 861 3479 securitatem
880 3424 924 3477 illi
942 3423 994 3496 LR
1012 3424 1057 3477 illi
1075 3440 1159 3491 quara
1177 3438 1226 3476 sec.
1242 3422 1286 3475 ed.

319 3499 354 3548 18
374 3494 497 3563 procemr'
519 3500 585 3549 suat
606 3494 628 3546 L
647 3496 771 3565 processi
788 3512 809 3549 s.
829 3495 854 3547 R
873 3496 1050 3565 procrearis.
1070 3512 1085 3547 r
1106 3511 1175 3549 caca
1194 3508 1287 3561 specu-

266 3567 362 3621 lantur
381 3564 426 3619 ed.
504 3570 537 3617 23
557 3566 668 3620 dicit-
679 3572 713 3619 24
732 3566 868 3621 meliorem
886 3566 1013 3635 corrupit
1031 3566 1074 3619 ed.
1155 3569 1189 3617 27
1209 3566 1285 3618 becc-

264 3657 329 3722 rteia
352 3642 372 3709 Ϊι
397 3658 416 3710 a
439 3653 460 3706 L
486 3653 641 3721 benefitium
668 3661 759 3710 acam
781 3654 807 3707 R
836 3656 993 3722 berwficiam
1015 3654 1092 3709 baad
1114 3672 1128 3707 r
1156 3653 1287 3722 bmficia

264 3729 329 3782 baec
346 3725 427 3781 baud
450 3724 493 3779 ed.
585 3731 619 3779 28
638 3742 668 3796 q<
687 3750 721 3771 -·-·
741 3725 850 3794 quiaL
873 3743 924 3794 que
942 3725 967 3777 R
990 3728 1057 3794 qaia
1076 3725 1119 3780 ed.
1145 3741 1215 3795 qaae
1233 3740 1286 3777 nos

264 3801 383 3869 propter
400 3797 506 3865 suisset.
774 3839 778 3845 .

1037 3886 1072 3941 82
