3250 4350
652 405 836 461 AENEIDOS
854 406 893 461 VI
1220 406 1286 471 553

266 596 326 653 que
350 577 473 635 humare
496 596 556 635 non
578 576 679 651 potuit
703 595 776 651 quos
805 593 872 634 cum
896 575 970 650 ipsis
998 574 1126 633 navibus
1153 575 1287 650 procella

265 665 451 742 perdiderat:
484 664 565 740 quod
588 666 701 723 'vitium
732 667 880 743 purgatur
909 675 964 723 neo
991 664 1114 724 Aenean
1144 665 1286 743 aspergit,

267 756 340 830 quia
368 773 442 830 quos
470 761 529 814 non
558 753 664 812 habuit
690 755 899 829 inpraesenti
929 753 1056 828 sepelire
1087 773 1148 812 non
1179 753 1294 827 valuit,-

266 847 372 918 utpote
392 862 465 919 quos
484 845 641 904 ventorum
663 843 812 918 procellae
835 845 1006 919 presserant
1028 845 1059 900 et
1080 842 1209 901 inmensi
1232 862 1288 918 per

235 932 386 995 sdiversa
408 933 571 1008 rapuerant
593 932 708 992 fluctus.

334 1022 411 1080 Ecce
430 1021 609 1095 procreator
630 1038 691 1080 sese
713 1021 878 1080 Palinuros
906 1021 1022 1094 oprtet:
1051 1020 1083 1079 in
1110 1020 1167 1082 hac
1195 1039 1286 1081 eausa

267 1113 360 1169 etiam
374 1110 532 1171 Palinurus
551 1112 667 1185 positus
687 1109 861 1185 apparebat,
880 1111 931 1183 qai
944 1110 1055 1184 Libyco
1073 1127 1168 1182 nuper
1187 1127 1286 1178 cursa,

266 1200 338 1258 dwm
360 1201 459 1258 sidera
476 1204 582 1267 servat,
602 1200 748 1258 coemerat
759 1200 858 1272 pappi
875 1200 979 1258 mediis
998 1200 1113 1271 refusus
1130 1201 1163 1257 ia
1182 1199 1285 1257 wida:

267 1288 305 1346 ab
333 1289 421 1347 huius
450 1308 568 1364 quoque
596 1306 667 1347 casu
694 1291 854 1348 excusatur
880 1288 1011 1363 Aeneas,
1041 1287 1185 1364 quoniam
1208 1289 1285 1346 inse·

220 1401 251 1440 ro
266 1378 386 1453 pultum
410 1377 566 1437 constabat
589 1397 651 1437 esse
675 1377 979 1452 etiamPalinurum3
1007 1378 1050 1437 sic
1073 1377 1152 1436 enim
1175 1377 1285 1436 effusus

266 1469 419 1540 estuari,
443 1485 510 1525 cum
534 1470 610 1526 esset
632 1469 696 1543 ipse
724 1486 843 1542 quoque
867 1468 985 1525 Aeneas
1011 1467 1047 1525 in·
1066 1466 1188 1544 pelago:
1212 1485 1284 1541 quo·
1339 1485 1341 1488 ·

265 1556 354 1615 modo
378 1558 474 1633 igitur
496 1555 615 1632 sepeliri
633 1555 734 1631 potuit
753 1575 841 1632 quem
860 1559 1017 1631 exceperat
1035 1555 1165 1615 latitudo
1183 1555 1285 1631 pelagi

266 1645 350 1704 etin
378 1645 501 1703 litorum
528 1647 633 1723 ignota
663 1642 891 1704 transvexerat?
928 1644 970 1704 sic
999 1664 1069 1720 ergo
1100 1643 1284 1703 ordinandus

267 1736 313 1792 est
336 1752 452 1807 sensus,
479 1753 516 1792 ne
544 1733 598 1793 fiat
620 1734 741 1807 vitium,
774 1736 808 1791 ut
837 1736 870 1792 in
897 1733 985 1792 undis
1013 1734 1123 1793 effusus
1146 1733 1285 1792 videatur

220 1843 250 1884 rs
267 1815 307 1903 (si
326 1823 406 1881 enim
424 1824 468 1881 ita
487 1827 574 1896 esset,
597 1822 657 1881 dici
675 1815 882 1903 convenerat):
905 1825 941 1880 ut
964 1822 1003 1881 sit
1021 1822 1171 1881 exciderat
1189 1822 1284 1898 puppi

266 1912 393 1986 effusus,
416 1930 482 1970 curn
504 1913 537 1970 in
560 1912 648 1971 undis
672 1914 749 1970 esset
771 1911 828 1971 hoc
852 1913 897 1970 est
918 1913 1084 1990 navigaret.
1125 1913 1203 1970 tanc
1225 1912 1340 1970 abisso

264 2003 315 2059 oia
332 2002 426 2059 malta
444 2004 587 2060 maestam
605 2003 735 2075 repascit
751 2002 785 2059 ia
802 1995 917 2068 ambra,
936 2001 979 2060 sic
995 2002 1084 2074 prior
1101 2000 1285 2075 adloquitur:

265 2090 381 2149 tardius
405 2108 564 2167 agnoscere
588 2091 716 2148 amicum
735 2091 849 2149 crimen
872 2091 918 2147 est
935 2091 1108 2163 maximum,
1131 2089 1183 2148 sed
1201 2089 1285 2148 dedit

264 2181 335 2239 huic
366 2182 586 2239 excusationem
613 2198 792 2257 magnarum
820 2179 1025 2253 tenebrarum,
1056 2178 1135 2237 unde
1164 2178 1284 2237 laudari
1304 2157 1396 2264 ss

222 2290 251 2331 ro
264 2270 365 2345 potius
389 2269 484 2343 debet,
509 2270 581 2345 quia
605 2268 675 2329 altis
697 2268 829 2328 tenebris
848 2272 986 2344 saeptum
1003 2270 1105 2344 potuit
1124 2285 1283 2344 agnoscere
1290 2229 1399 2397 Μ

265 2361 296 2416 et
315 2376 440 2436 angores
460 2358 522 2417 eius
542 2358 688 2418 contracti
706 2358 807 2418 vultus
827 2357 1064 2417 consideratione
1082 2358 1191 2416 metiri.
1223 2376 1283 2415 non

265 2450 366 2506 autem
389 2448 605 2523 exprimeretur
626 2448 745 2507 Aeneae
773 2446 858 2507 dolor
886 2450 992 2523 captus
1020 2467 1054 2506 ex
1077 2465 1125 2519 eo,
1155 2446 1182 2505 si
1204 2446 1283 2505 Pali·
1335 2475 1400 2558 s

264 2556 375 2595 nurum
411 2536 565 2596 induceret
596 2536 694 2612 primo
726 2537 906 2612 loquentem.
964 2538 1030 2609 qais
1061 2539 1100 2603 tc,
1132 2535 1284 2604 Palinure,

264 2627 389 2684 deorum
417 2627 525 2699 capuit
554 2626 638 2684 notis
666 2626 816 2699 medioque
844 2626 899 2684 sab
927 2642 1051 2698 aequore
1082 2626 1201 2683 mersit?
1237 2625 1285 2683 dic

223 2732 250 2774 ra
265 2732 334 2788 ape:
364 2732 490 2788 cacque
511 2716 584 2773 milri
610 2715 706 2788 fallace
735 2716 808 2774 lact
836 2718 903 2772 onte
930 2719 1061 2788 repertas
1083 2715 1135 2773 hoc
1156 2730 1216 2771 cono
1238 2731 1282 2772 re·

264 2808 372 2878 sponso
390 2805 523 2863 animam
539 2804 646 2863 delusit
663 2803 779 2879 Apollo,
802 2805 854 2877 quc
871 2805 935 2877 fore
953 2807 978 2862 tc
991 2807 1082 2876 ponto
1103 2804 1338 2862 succlamamus

264 2894 391 2967 ficisque
423 2894 545 2953 metat
574 2896 729 2952 canterma
760 2890 919 2951 Ausonios.
970 2910 1005 2950 ea
1036 2894 1107 2951 hacc
1132 2894 1284 2965 promisso

264 2982 338 3054 fides
362 2983 423 3040 cst?
454 2982 502 3041 dic
520 2980 604 3055 mihi,
626 2982 735 3057 inquit,
759 2980 826 3057 quis
844 2983 902 3041 iste
921 2980 960 3041 sit
978 2982 1051 3040 deus
1070 2981 1123 3057 qui
1141 2999 1283 3056 responsa

264 3070 416 3147 Apollinis
443 3089 560 3147 semper
584 3070 659 3129 mihi
681 3069 741 3128 fida
764 3070 795 3128 in
819 3071 888 3129 aliis
910 3070 982 3130 fatis
1005 3070 1106 3145 Potuit
1128 3089 1282 3146 superare3

225 3179 250 3219 so
264 3159 344 3218 idem
368 3162 448 3219 enim
470 3162 501 3218 te
524 3158 635 3235 Apollo
658 3158 780 3217 Italiam
803 3177 919 3218 mecum
942 3162 1100 3219 venturum
1125 3161 1282 3233 cecinerat

263 3252 300 3308 ut
323 3247 422 3309 decuit
450 3251 479 3307 et
505 3266 621 3307 munus.
667 3248 783 3324 Apollo,
805 3267 968 3332 numquam
999 3248 1035 3307 de
1062 3247 1204 3307 Palinuro
1228 3248 1287 3306 alr>

337 3442 354 3489 4
372 3440 529 3505 punctorum
543 3436 680 3505 procellae
695 3442 872 3503 praesecaret
889 3434 923 3490 V.
1003 3440 1019 3489 8
1038 3436 1147 3503 ensesue
1164 3435 1195 3489 in
1213 3434 1283 3487 lem-

262 3509 342 3563 mate
364 3507 467 3573 effusas
489 3505 519 3559 in
542 3506 658 3576 interpr.
672 3506 705 3561 V.
799 3511 833 3559 10
850 3508 891 3562 sic
908 3506 934 3561 V
956 3508 982 3561 si
1000 3507 1042 3560 ed.
1136 3511 1168 3559 13
1192 3513 1283 3560 trans·

263 3584 395 3635 vexerant
411 3577 445 3632 V.
520 3583 554 3632 1⁶
573 3579 612 3633 sic
630 3577 655 3631 V
673 3579 699 3632 si
717 3578 760 3632 ed.
778 3580 782 3647 l
802 3578 861 3633 dici
878 3584 1039 3633 convenerat
1056 3578 1075 3631 i.
1090 3593 1113 3632 e.
1133 3577 1164 3631 in
1181 3576 1273 3632 undo¹

263 3648 342 3718 quod
360 3648 504 3718 expectari
522 3648 555 3703 D.
569 3651 654 3719 putat
672 3648 815 3716 effatu,
834 3647 885 3702 ubi
903 3648 1034 3703 similiter
1052 3666 1116 3703 cum
1134 3648 1203 3706 vitio
1221 3663 1257 3718 op

262 3723 332 3775 nato
351 3718 537 3774 conflictatur.
602 3724 634 3773 19
654 3720 770 3775 madere
788 3718 823 3775 V.
888 3726 925 3775 tt
942 3727 976 3776 at
994 3721 1093 3775 docuit
1110 3725 1138 3773 et
1154 3731 1257 3771 maaca

261 3810 317 3847 om,
330 3790 375 3845 ed,
395 3792 698 3849 redamaremus
715 3791 743 3849 H
761 3810 817 3851 nos
835 3793 858 3849 i.
872 3808 898 3849 e.
919 3790 1144 3865 gubernatoris.
1209 3791 1212 3796 '
