3250 4350
606 385 611 395 ²
647 418 830 474 insumus
848 420 887 474 iv
1213 420 1278 485 397

265 589 326 646 alio
349 589 414 648 loco
439 579 483 669 (3,
503 580 559 668 83)
584 591 627 646 ait
650 591 739 663 poete
761 590 930 666 „iungimus
940 612 945 623 ··
953 589 1084 664 hospitio
1108 588 1227 648 dextros
1251 594 1280 648 et

264 681 345 736 tecta
381 676 544 752 subimus“;
581 677 776 737 novissimum
813 677 1042 736 commovendus
1079 679 1279 737 miserationis

264 785 356 826 causa
382 769 484 842 posuit
510 768 664 825 interitum
693 784 780 825 suum
803 765 903 824 dicens
935 785 989 824 nec
1020 768 1166 826 moritura
1197 771 1280 826 tenet

264 856 378 915 crudeli
409 857 513 914 funere
546 855 637 914 Dido:
678 874 732 914 nec
765 855 905 933 cogitasti
936 857 1160 933 navigationem
1196 860 1280 914 tuam

236 968 248 1006 s
265 945 414 1003 crudelem
433 947 604 1002 secuturum
622 946 791 1002 interitum:
809 944 960 1020 praedixit
977 946 1010 1001 in
1028 944 1135 1002 ultimo
1154 948 1280 1003 mortem

264 1053 350 1092 suam
379 1035 471 1091 etiam
497 1034 597 1108 ipsum
626 1051 726 1092 amare
754 1034 928 1092 existimans
956 1036 987 1091 et
1015 1053 1049 1092 ex
1077 1053 1111 1092 eo
1138 1033 1219 1092 flecti
1248 1035 1280 1090 in

264 1121 499 1181 misericordiam
531 1140 626 1197 posse.
672 1124 744 1194 quire
775 1125 863 1181 etium
893 1123 1012 1181 biberen
1043 1123 1157 1181 moliris
1187 1123 1281 1181 sidere

264 1212 386 1270 classem
418 1215 445 1270 et
474 1212 577 1269 mediis
608 1228 754 1284 properus
791 1213 977 1284 aquilonibus
1007 1214 1051 1270 bre
1077 1229 1135 1284 per
1170 1211 1271 1279 altum,
1281 1216 1334 1266 310

265 1299 412 1358 erudelis?
458 1299 596 1374 sedeur,
621 1301 736 1374 inquit,
764 1299 893 1359 arbitrer
914 1303 944 1359 te
967 1300 1081 1358 moveri
1103 1317 1189 1376 posse
1212 1319 1280 1359 con·

222 1389 460 1464 ntemplatione
483 1389 589 1448 salutis
612 1408 706 1462 mese,
724 1389 844 1464 qnando
866 1392 951 1448 tuam
974 1408 1091 1465 quoque
1114 1389 1281 1464 perniciose

265 1478 466 1537 obstinatione
490 1478 662 1552 contemnis,
681 1482 716 1536 ut
739 1479 849 1536 eiectus
872 1478 1030 1555 naufragio
1053 1481 1086 1537 iu
1108 1479 1162 1538 has
1185 1481 1280 1537 terras
1336 1473 1339 1477 ’

265 1567 339 1642 quid
370 1569 577 1642 tempestates,
615 1566 687 1641 quid
718 1566 830 1626 hiemes
863 1569 894 1625 et
926 1567 998 1642 quid
1031 1567 1128 1626 sidera
1159 1568 1282 1626 valeant

266 1659 468 1732 quantamque
481 1657 642 1731 perniciem
656 1655 755 1714 ferant
774 1657 873 1714 enimc
892 1657 1066 1715 recordante
1084 1676 1144 1715 non
1162 1660 1281 1731 tractes,

265 1746 380 1804 scilicet
403 1746 520 1803 tantam
544 1743 752 1802 crudelitatem
773 1745 937 1820 professus,
964 1748 999 1803 ut
1024 1745 1179 1821 utriusque
1203 1745 1281 1804 salu·
1308 1757 1314 1767 '

223 1856 250 1895 15
264 1838 325 1892 tem
350 1834 476 1906 diverso,
500 1834 551 1892 sed
574 1836 675 1892 tamen
698 1833 868 1892 detestabili
893 1853 1000 1911 genere
1023 1835 1113 1893 simul
1135 1835 1210 1893 velis
1233 1854 1281 1893 ex-

264 1920 386 2000 tingui?
421 1941 487 1981 ecce
506 1923 634 1980 amantis
653 1923 909 1997 permotiorlicet
931 1923 1014 1982 laesa
1036 1922 1281 1998 dispositionibus

264 2013 395 2070 inimicis
423 2015 524 2070 temen
552 2011 683 2071 ostendit
710 2030 741 2070 se
769 2013 799 2069 et
826 2030 880 2086 pro
908 2013 1003 2086 ipsius
1025 2012 1145 2071 Aeneae
1167 2013 1281 2071 incolu-

264 2101 371 2159 mitate
404 2102 580 2178 suspectam.
631 2101 701 2174 quid
732 2102 760 2158 se'
790 2118 851 2158 uere
882 2119 957 2160 arua
994 2101 1092 2160 abieno
1129 2101 1282 2175 bonosque

264 2194 380 2263 bpuctos
401 2191 535 2264 peteres?
581 2189 689 2249 evadas
716 2190 788 2249 lieet
815 2192 957 2265 temporis
985 2191 1144 2267 pelagique
1169 2192 1282 2249 violen-

222 2280 354 2354 notiam,
383 2280 457 2355 quid
484 2298 585 2355 speras
609 2280 758 2353 futurum,
784 2297 852 2338 curn
875 2279 972 2338 aliena
995 2299 1066 2337 rura
1088 2282 1281 2355 temptaveris

266 2371 297 2427 et
334 2387 400 2427 eum
437 2368 476 2426 ad
512 2386 604 2427 novos
640 2367 774 2427 homines
810 2366 947 2428 veneris?
993 2371 1059 2444 quis
1095 2370 1282 2445 incognitum

266 2456 388 2516 sumet?
405 2458 462 2517 hoc
480 2459 526 2517 est
544 2457 640 2516 dicere
659 2456 854 2532 decepturum
871 2459 917 2518 est
934 2461 965 2515 te
984 2458 1151 2533 exemplum
1173 2476 1282 2530 meum,

266 2547 338 2604 dum
366 2548 517 2606 existimas
545 2546 641 2604 omnis
669 2564 732 2605 esse
754 2545 908 2605 benivolos
932 2546 970 2605 ad
993 2564 1193 2621 quoscumque
1215 2565 1282 2621 per-

265 2635 390 2694 veneris.
440 2636 514 2695 haec
551 2635 674 2694 dicendo
712 2634 826 2694 occulte
862 2635 1022 2711 persuadet
1057 2654 1094 2693 ne
1131 2635 1282 2710 relinquat

222 2746 250 2786 ss
265 2729 352 2799 nota,
377 2744 414 2782 ne
437 2725 555 2782 deserat
583 2726 676 2798 certa,
704 2743 741 2782 ne
769 2726 936 2799 susceptam
961 2722 1151 2800 Carthaginis
1179 2724 1281 2782 amici-

265 2816 343 2871 tiam
372 2814 479 2890 fngiat.
526 2813 599 2889 quid
626 2814 652 2872 si
676 2831 736 2871 non
759 2831 832 2871 arva
855 2814 954 2872 aliena
977 2813 1138 2888 domosque
1161 2814 1281 2889 ignotas

266 2904 383 2977 peteres
411 2907 437 2960 et
460 2902 550 2961 Troia
578 2904 701 2975 aerque
722 2903 872 2960 moueret?
918 2901 989 2977 quid
1016 2902 1141 2975 faceres,
1173 2904 1282 2978 inquit,

267 2992 294 3049 si
331 2993 424 3049 steret
455 2991 545 3049 Troia
583 2993 636 3049 ant
672 2990 711 3049 ad
746 2992 833 3049 notos
869 2991 914 3049 ire
950 2988 1141 3065 disponeres?
1178 3009 1282 3050 secura

267 3080 399 3152 dicebat,
424 3079 494 3156 quie
517 3098 570 3139 nec
593 3078 685 3138 Trois
707 3079 808 3138 stabat
831 3097 884 3137 nee
907 3079 994 3137 illum
1017 3080 1126 3155 alimus
1148 3083 1280 3139 noverat.

222 3191 251 3232 so
269 3170 360 3227 Troia
382 3187 438 3242 per
465 3170 611 3227 undosum
632 3171 779 3241 peteretur
803 3167 945 3227 elassibus
968 3186 1089 3241 aequor:
1119 3188 1281 3244 properans

266 3260 369 3316 forsan
392 3256 567 3333 reprehendi
590 3276 650 3316 non
673 3276 783 3332 possse,
802 3258 829 3315 si
852 3276 920 3315 cum
942 3258 1074 3333 periculo
1098 3257 1168 3315 licet
1186 3257 1281 3317 redire

340 3452 356 3498 b
374 3446 464 3513 ipsum
482 3444 535 3497 LR
553 3445 609 3513 ipsi
627 3444 692 3498 eds.
710 3446 714 3513 Ι
730 3460 764 3499 ec
781 3461 810 3498 ec
829 3443 881 3497 LR
899 3451 925 3498 et
942 3462 976 3499 ere
993 3460 1023 3498 eo
1041 3444 1084 3498 ed.
1157 3449 1190 3497 10
1208 3460 1282 3498 ureae

267 3534 321 3570 om.
337 3516 379 3569 ed.
436 3521 468 3568 12
487 3517 585 3570 biemes
603 3514 653 3567 LR
672 3516 757 3569 bieum
774 3515 841 3569 edF.
897 3520 931 3569 20
949 3516 1015 3570 iura
1033 3514 1085 3567 LR
1102 3532 1172 3568 ewra
1191 3532 1205 3567 r
1223 3513 1281 3567 edb'

266 3586 436 3657 (explicatur
454 3589 540 3657 arua).
603 3592 637 3641 26
657 3588 724 3655 quid
734 3618 767 3627 —
778 3592 811 3639 11
827 3592 931 3655 peteres
949 3602 1002 3640 om.
1018 3587 1061 3641 ed.
1127 3592 1160 3639 27
1178 3586 1282 3651 faceres

266 3659 320 3712 Lu
334 3657 377 3712 ed.
391 3659 524 3725 fenerem?
584 3663 618 3712 30
640 3658 767 3713 Troiu-
777 3674 879 3726 aequor
896 3657 967 3713 Don.
982 3674 1038 3711 non
1056 3673 1107 3725 pro
1125 3658 1303 3726 interroga-⁶

266 3730 345 3783 tione
365 3729 491 3798 accipere
508 3730 627 3784 ridetur.
702 3733 734 3782 sl
749 3745 830 3798 posse
847 3730 874 3783 si
891 3728 926 3796 L,
952 3729 1002 3781 sed
1020 3728 1050 3781 in
1068 3745 1162 3797 posses
1178 3729 1205 3784 si
1222 3744 1265 3783 cor

266 3803 376 3855 rectum
392 3800 504 3854 videtur
520 3817 607 3855 manu
625 3800 659 3855 Π.
676 3803 680 3870 Ι
700 3801 762 3855 lieet
779 3799 832 3853 Lu
849 3800 890 3855 uel
908 3802 946 3854 ad
964 3807 1013 3854 teu
1032 3799 1075 3853 ed.
