3250 4350
349 417 413 484 162
626 416 767 472 nonan
782 416 953 472 mrum
971 415 1079 472 Vuae.

347 586 432 645 aliud
447 588 567 663 pectore
584 586 734 645 retineret.
769 603 858 660 saepe
878 587 983 660 sepem
1004 587 1110 647 Dcnci
1133 587 1225 647 Troia
1247 589 1363 662 cupies

346 676 448 737 relicto
464 676 563 735 nale-t
580 680 608 735 et
623 675 708 749 leupo
725 677 797 749 fessi
815 674 960 735 distem
977 675 1064 735 bello:
1085 676 1275 737 mendacium
1295 696 1360 736 cum

246 780 250 787 ’
347 766 523 842 argumento
555 783 614 842 quo
646 762 787 823 credibile
818 764 915 824 videri
944 766 1094 841 potuisset
1124 764 1205 841 quod
1235 765 1361 825 dicebat

346 856 538 930 paraverunt,
558 853 669 930 inquit,
692 871 781 929 saepe
803 853 947 913 reditum:
968 854 1026 913 hoc
1047 853 1160 914 falsum
1181 855 1290 930 fuerat,
1312 854 1362 914 ad·

347 941 426 1003 didit
456 961 578 1003 causam
608 942 705 1001 veluti
736 940 850 1002 reditus
886 942 1059 1002 maturandi
1089 946 1122 1002 et
1152 946 1394 1021 argumentum

347 1033 476 1109 sumpsit
507 1050 526 1090 a
551 1033 699 1106 tempore:
734 1030 826 1109 longo
852 1031 925 1092 fessi
951 1031 1102 1091 discedere
1127 1031 1221 1107 bello,
1248 1035 1284 1091 ut
1311 1035 1362 1109 qui

347 1120 433 1181 annm
455 1123 503 1181 tot
524 1120 684 1181 victoriam
705 1119 847 1197 consequi
864 1122 1071 1196 nequivissent
1089 1120 1280 1181 crederentur
1297 1121 1361 1180 diu-

295 1216 347 1265 110
355 1210 513 1271 turnitatia
534 1208 637 1269 taedio
659 1208 811 1268 adfectum
832 1209 969 1269 rmedsse
992 1210 1135 1270 certandi
1174 1212 1361 1284 fecissentque

345 1302 475 1359 etiamn:
503 1298 579 1359 bene
601 1297 777 1375 optabiliter
797 1300 914 1377 posuit,
945 1299 1001 1358 hoc
1024 1298 1104 1359 enim
1126 1302 1157 1359 et
1179 1299 1304 1359 'ircim
1327 1300 1360 1358 li-

345 1388 450 1448 benter
478 1387 641 1448 audiebant
666 1390 697 1447 et
720 1384 827 1447 Sinoni
853 1387 1002 1464 proderat
1046 1388 1135 1447 huius
1162 1389 1282 1448 consilii
1303 1407 1360 1448 non
1373 1408 1392 1447 u

345 1476 471 1553 perfecti
487 1476 568 1537 ultro
585 1476 731 1536 rationem
749 1478 898 1553 praestat3
915 1477 1017 1554 potuit
1034 1478 1114 1537 enim
1132 1475 1193 1536 dici
1210 1496 1227 1536 e
1245 1477 1360 1537 diverso

347 1568 374 1625 ai
399 1566 457 1625 hoc
483 1564 704 1642 disposuerant,
732 1583 785 1625 cur
807 1565 922 1625 factum
942 1584 1001 1625 non
1025 1563 1091 1626 est?
1135 1583 1230 1640 saepe,
1253 1566 1360 1643 inquit,

345 1654 1360 1728 dloscspcrcpoctitctcrclcsitbtcmscttsrradaustcrecntis,

345 1744 467 1803 utnon
494 1742 652 1803 consilium
680 1743 776 1818 iacto,
805 1743 859 1804 sed
889 1745 1013 1805 eventus
1044 1743 1175 1803 defuerit
1201 1744 1359 1804 voluntat,

341 1833 501 1907 praeapte
531 1849 599 1892 mm
628 1834 690 1893 iam
720 1833 767 1891 bic
797 1834 929 1892 trabibus
958 1836 1105 1893 coum
1132 1835 1248 1892 ms
1274 1837 1393 1892 staretis

347 1938 449 1994 eqecss,
483 1925 539 1980 toto
566 1926 727 1981 account
753 1923 867 1982 actim
892 1923 1000 1983 mmm:
1034 1940 1090 1982 nec
1117 1920 1179 1981 soli-
1201 1923 1287 1981 venti
1316 1922 1361 1981 vel

347 2011 494 2087 asperitas
522 2009 615 2069 maris
637 2010 767 2070 volentis
790 2030 809 2070 a
832 2011 953 2089 navigio
975 2012 1141 2084 revocavit,
1163 2010 1360 2087 inpedierant

346 2100 461 2176 inquit,
488 2103 519 2158 et
547 2101 633 2177 signa
661 2100 810 2159 caelestia.
855 2102 991 2175 asspcw
1011 2099 1200 2177 Eurypylum
1227 2102 1360 2159 scitatum

295 2196 346 2243 115
356 2190 477 2247 oraculo
503 2189 610 2247 Phoebi
636 2190 789 2258 mittimus,
822 2192 904 2263 isque
933 2191 1030 2265 adytis
1059 2190 1131 2248 baec
1159 2190 1256 2247 tristia
1286 2191 1360 2249 dicto

345 2282 489 2351 reportat:
524 2277 585 2351 his,
614 2280 672 2351 ait,
699 2289 767 2337 cum
793 2297 896 2337 omnes
919 2298 979 2337 non
1001 2278 1141 2337 inmerito
1163 2283 1391 2350 moverentur,so

346 2367 469 2426 missum
497 2370 542 2426 est
568 2366 608 2424 ad
630 2367 815 2443 Apollinem,
843 2370 877 2425 ut
906 2367 980 2443 quid
1003 2366 1079 2425 illud
1101 2366 1294 2443 portenderet
1315 2366 1358 2425 vel

347 2455 419 2530 quid
441 2454 522 2514 facto
545 2474 620 2531 opus
643 2459 720 2515 esset
741 2474 895 2532 possemus
923 2454 1087 2530 addiscere,
1115 2455 1167 2515 sed
1189 2456 1358 2532 Eurypylus

345 2563 481 2604 remeans
508 2545 594 2603 triste
624 2544 783 2604 admodum
810 2544 962 2603 nuntiavit
989 2548 1021 2603 et
1043 2544 1173 2603 dubium.
1218 2547 1358 2617 sanquine

341 2635 485 2707 placastis
502 2637 601 2691 oecws
619 2639 645 2692 ct
662 2636 775 2709 oiryinc
793 2651 887 2701 caesa,
902 2652 968 2692 cum
979 2635 1114 2707 pamma
1128 2634 1244 2693 Iliacas
1258 2632 1357 2693 Danai

347 2724 465 2781 occidis
492 2724 532 2780 ad
555 2739 636 2791 oras,
664 2726 807 2797 emicuisse
830 2722 989 2797 quaerendi
1010 2724 1123 2781 reditus
1145 2724 1303 2796 animaque
1324 2723 1353 2779 li·
1367 2736 1386 2778 a

348 2812 469 2869 modum
491 2809 645 2885 Arpolicc:
668 2830 770 2871 caesae
792 2812 919 2889 virginis
942 2811 1042 2871 ferunt
1063 2830 1165 2871 veram
1189 2829 1253 2871 esse
1277 2811 1354 2871 fabu-

346 2900 421 2973 lam,
447 2899 504 2959 hoc
531 2903 632 2959 autem
659 2900 738 2977 quod
765 2901 840 2960 dicit
866 2894 1041 2977 Apollinem
1067 2900 1271 2976 respondisse,
1297 2903 1355 2975 ipse

348 2988 440 3046 Sinon
468 2988 505 3047 ad
533 2989 698 3048 fallendum
725 2992 882 3067 conposuit
909 2993 938 3049 et
965 3008 1046 3048 more
1070 3008 1124 3049 suo
1148 2989 1261 3048 falsum
1283 2988 1354 3047 veris

347 3076 519 3153 admiscuit,
546 3076 581 3137 ut
608 3099 642 3137 ex
669 3079 754 3155 parte
782 3098 859 3155 quae
885 3080 986 3138 fuerat
1008 3098 1079 3137 vera
1102 3080 1259 3154 conposita
1281 3096 1354 3137 men-

347 3165 433 3225 dacia
463 3171 642 3245 tegerentur.
693 3168 809 3227 addidit
840 3171 1001 3244 animaque
1032 3167 1181 3227 litandum
1211 3166 1388 3244 Argolicas

347 3257 418 3331 qnia
450 3256 582 3315 dicturus
614 3257 713 3316 iuerat
740 3276 771 3316 se
799 3259 968 3333 quaesitum
995 3255 1033 3315 ad
1060 3259 1201 3332 mortem,
1236 3275 1306 3315 nam
1331 3253 1354 3312 si

347 3346 467 3423 sanguis
494 3346 641 3404 humanus
669 3346 816 3405 diceretur·
838 3346 1033 3419 necessarius,
1060 3346 1160 3420 potuit
1183 3346 1353 3421 quicumque

418 3521 435 3568 4
454 3516 571 3569 reditum
589 3514 641 3567 LR
659 3532 681 3569 r.
704 3516 804 3571 Graeci
823 3513 866 3569 cd.
949 3520 982 3568 10
1001 3514 1152 3569 audebant
1169 3515 1196 3567 R
1214 3516 1355 3569 audisset

346 3585 377 3651 L,
396 3585 445 3638 sed
459 3588 518 3640 iera
531 3586 562 3638 in
574 3601 673 3639 rasura
687 3586 845 3640 atramento
858 3586 965 3641 recenti
979 3602 1044 3639 cum
1057 3585 1219 3640 imitatione
1233 3588 1354 3640 vetustae

255 3683 261 3695 ·
347 3656 514 3725 scripturae:
543 3657 693 3712 accubant
714 3658 806 3727 primo
830 3658 967 3726 scriptum
989 3656 1077 3711 fuisse
1100 3655 1155 3710 ΗΟ
1180 3657 1294 3723 docent,
1317 3653 1354 3709 sic

347 3730 375 3780 et
393 3728 436 3781 ed.
510 3733 543 3781 29
563 3745 596 3782 es
610 3735 691 3798 parte
708 3728 761 3782 LR
778 3746 811 3784 ea
830 3729 873 3783 ed.
889 3734 894 3799 Ι
913 3729 1027 3795 fuerant
1044 3728 1087 3782 ed.
1104 3730 1109 3797 Ι
1125 3745 1191 3783 ocra
1208 3744 1263 3783 om.
1281 3726 1322 3782 ad.

339 3803 451 3851 29—30
469 3800 624 3855 mendacta
643 3806 794 3871 tacerentur
806 3799 861 3853 LR
873 3801 1018 3854 moderic
1031 3816 1095 3866 nos3
1114 3802 1221 3853 temere
1236 3802 1304 3853 mut.
1314 3796 1354 3852 ed
