3250 4350
300 365 391 420 XXIV
705 363 912 419 PRAEFATIO

368 533 582 612 Reginensis
607 533 707 607 1484,
744 535 827 593 cuius
850 552 904 592 neo
932 533 1020 591 Thilo
1047 551 1102 591 neo
1129 533 1207 592 alius
1235 534 1317 608 quis-

302 642 392 699 quam
424 625 605 682 mentionem
636 624 723 696 fecit,
754 622 1009 695 membranaceus,
1049 623 1162 681 formae
1194 623 1318 681 maioris

303 713 399 786 0375
419 722 463 774 ><
481 713 587 793 0150,
605 712 687 771 foliis
703 713 776 785 198,
790 711 909 789 paginis
928 711 960 769 in
982 711 1068 770 binas
1090 713 1192 786 partes
1214 711 1319 770 divisis

302 801 436 860 continet
464 799 556 859 libros
574 801 662 858 I—V
685 803 716 860 et
739 801 846 859 decimi
868 819 970 860 versus
992 801 1131 859 1-585.
1166 799 1321 875 praecedit

302 889 409 948 titulus
423 889 554 963 „Tiberii
569 888 687 948 Claudii
701 889 816 949 Donati
831 889 871 948 ad
885 889 1037 949 Tiberium
1052 888 1211 948 claudium
1224 888 1319 947 Maxi·

301 998 386 1037 mum
400 977 605 1036 Donatianum
617 977 712 1036 filium
727 997 815 1038 suum
833 980 1116 1054 interpretationum
1129 977 1320 1054 Vergiliana-

302 1087 369 1126 rum
383 1066 532 1126 Aeneidos
545 1068 652 1142 incipit
665 1067 742 1127 liber
755 1065 796 1126 1“.
830 1065 946 1126 orditur
964 1086 982 1125 a
1000 1067 1098 1126 verbis
1117 1070 1203 1143 „post
1221 1065 1319 1140 illos“,

303 1158 482 1215 terminatur
512 1156 611 1215 verbis
643 1157 825 1232 „complevit
856 1155 1027 1232 sapientis“.
1077 1155 1154 1214 liber
1185 1156 1318 1214 omnium

303 1263 378 1321 quos
401 1243 538 1304 consului
561 1264 705 1305 consensu
727 1245 851 1323 originis
871 1243 1004 1304 (11111111
1026 1263 1087 1303 una
1106 1247 1196 1320 atquo
1215 1244 1317 1304 eadem

300 1353 393 1393 manu
423 1336 605 1410 perscriptus
638 1338 683 1393 est
715 1334 806 1393 ductu
837 1335 1007 1393 litterarum
1034 1333 1180 1393 secundae
1208 1333 1317 1392 codicis

300 1421 496 1482 Laurentiani
522 1423 603 1498 parti
632 1423 739 1497 simili,
771 1423 823 1483 sed
854 1426 1025 1482 recentiore.
1072 1423 1168 1481 forma
1196 1423 1317 1481 omnino

303 1509 442 1571 Carolina
470 1511 636 1572 minuscula
665 1504 773 1584 (hastis
801 1512 971 1571 litterarum
998 1530 1098 1570 sursus
1122 1513 1317 1570 eminentium

300 1602 332 1658 in
351 1601 475 1679 longum
493 1591 660 1682 productIs)
675 1589 873 1660 'intermixtas
895 1601 986 1660 habet
1008 1601 1128 1658 litterae
1151 1620 1181 1658 m
1203 1601 1315 1659 formas

300 1689 442 1765 unciales,
464 1688 584 1748 litterae
606 1709 627 1747 n
650 1689 808 1766 capitales,
834 1689 926 1765 idque
952 1691 1107 1766 eliquanto
1130 1689 1317 1765 frequentius

299 1780 331 1836 11
359 1777 508 1837 lemmatis
536 1797 627 1854 quam
654 1779 685 1836 in
713 1779 1018 1856 interpretationibus.
1063 1779 1205 1837 lemmata
1232 1778 1319 1836 nulla

299 1886 332 1926 11
360 1866 501 1926 distincta
528 1871 598 1926 sunt
624 1867 684 1926 nisi
712 1868 845 1927 miniatis
873 1867 1040 1927 initialibus
1069 1867 1193 1941 litteris,
1220 1885 1317 1942 neque

300 1956 332 2014 id
365 1958 543 2015 constanter.
588 1960 658 2032 post
688 1956 778 2016 finem
809 1956 881 2015 libri
912 1958 1012 2033 quinti
1039 1957 1072 2014 in
1101 1956 1180 2015 calce
1207 1957 1317 2032 prioris

246 2121 251 2131 Ι
300 2045 395 2120 partis
418 2044 589 2121 paginaeB
613 2046 680 2104 folii
699 2047 761 2104 168
786 2045 943 2121 ,,11111111“
967 2046 1143 2121 subscripsit
1165 2044 1318 2118 librarius,

301 2134 427 2193 alteram
450 2136 567 2211 partem
590 2153 717 2195 vacuam
739 2135 872 2211 reliquit,
890 2137 921 2193 in
945 2153 1006 2211 qua
1028 2151 1148 2193 carmen
1171 2134 1317 2210 scriptum

301 2231 347 2282 est
365 2223 401 2282 de
420 2242 479 2299 quo
496 2223 621 2283 inferius
640 2242 769 2302 agemus.
798 2228 898 2300 potest
916 2225 1010 2302 igitur
1022 2224 1147 2299 „incipit
1164 2222 1241 2281 liber
1254 2221 1317 2280 VP‘

301 2330 367 2370 oum
396 2312 487 2372 titulo
513 2314 549 2371 ut
575 2316 644 2388 post
669 2313 685 2370 I
712 2314 760 2371 III
787 2314 831 2370 IV
854 2314 1043 2373 coniunctum
1068 2312 1317 2372 111111111111111

301 2404 475 2459 executurus
500 2400 649 2461 oblivione
673 2404 883 2475 transmisisse,
906 2402 938 2460 id
961 2401 1041 2477 quod
1063 2404 1096 2459 in
1114 2400 1317 2461 Laurentiano

300 2493 369 2566 post
391 2488 415 2562 I,
438 2490 469 2547 in
489 2490 635 2549 Vaticano
659 2494 728 2566 post
751 2491 778 2549 X
802 2495 832 2550 et
854 2490 898 2549 XI
920 2490 1038 2550 accidit.
1077 2508 1131 2549 neo
1153 2489 1317 2549 verisimile

300 2582 346 2637 111
378 2577 469 2638 libros
497 2578 541 2637 VI
568 2578 628 2637 VII
655 2579 730 2638 VIII
762 2580 799 2639 ab
828 2580 916 2638 initio
944 2581 1086 2653 defuisse,
1119 2598 1187 2638 oum
1218 2598 1317 2638 nonus

300 2667 373 2726 olim
396 2670 474 2727 certe
497 2666 628 2727 infuerit.
674 2670 811 2743 sequitur
834 2669 914 2727 enim
936 2670 968 2728 in
991 2670 1090 2744 priore
1117 2670 1203 2744 11111
1230 2669 1317 2745 pagi-

300 2775 356 2815 nae
375 2756 403 2814 A
426 2756 492 2815 folii
513 2758 574 2816 169
601 2756 731 2832 „Tiberii
754 2759 808 2816 eto.
835 2757 984 2817 Aeneidos
1010 2757 1088 2816 liber
1105 2756 1197 2815 VIIII
1223 2756 1317 2832 expli-

300 2846 377 2905 citus
400 2847 446 2904 est
467 2844 574 2921 incipit
592 2845 669 2904 liber
687 2845 846 2905 decimus“.
879 2848 980 2905 ultimi
998 2847 1064 2905 folii
1081 2847 1143 2904 198
1162 2845 1316 2921 paginaB

298 2935 331 2992 in
358 2936 445 3009 parte
471 2935 570 3010 priore
593 2938 663 3010 post
686 2938 817 2994 extrema
838 2936 931 2994 verba
952 2936 1131 3011 „complevit
1154 2932 1317 3010 1111111111ιι

300 3025 366 3083 0110
390 3040 500 3098 versus,
519 3024 552 3081 in
574 3025 739 3099 posteriore
759 3043 860 3084 omnes
878 3043 989 3084 vacuos
1006 3024 1098 3083 habet
1115 3023 1167 3097 ita,
1186 3025 1221 3081 ut
1239 3042 1317 3098 quae

298 3112 397 3188 primo
419 3110 463 3169 ibi
487 3114 599 3189 scripta
622 3114 707 3172 erant
730 3115 836 3189 postea
858 3113 965 3172 abrasa
988 3132 1051 3172 esse
1079 3115 1237 3188 appareat,
1264 3112 1316 3170 sed

299 3200 360 3279 legi
383 3200 459 3259 nihil
477 3203 580 3276 possit.
617 3203 688 3277 post
706 3202 893 3261 abrasionem
911 3221 1003 3261 manu
1021 3201 1149 3261 secunda
1168 3204 1198 3259 et
1214 3202 1318 3275 tertia,

300 3287 352 3348 sed
375 3291 502 3349 vetustis
524 3290 634 3350 litteris
657 3290 703 3349 bis
726 3290 906 3367 inscriptum
929 3294 975 3350 est
997 3292 1057 3366 „sio
1080 3308 1132 3349 vos
1151 3308 1211 3348 non
1229 3289 1316 3349 vobis

301 3376 508 3438 mellificatis“.
546 3378 746 3455 quamobrem,
767 3382 885 3439 etiamsi
904 3379 1069 3439 abrasionis
1088 3397 1208 3439 causam
1230 3379 1315 3456 igno-

298 3486 413 3541 ramus,
439 3467 511 3526 libri
537 3471 638 3526 tamen
666 3468 774 3527 decimi
800 3468 890 3528 finem
916 3488 977 3527 non
1004 3469 1097 3527 talem
1125 3468 1197 3528 olim
1222 3468 1316 3527 fuisse

299 3557 396 3632 qualis
424 3573 504 3614 nunc
531 3556 612 3614 extet
637 3559 742 3635 negari
769 3577 829 3617 non
857 3560 964 3634 potest.
1010 3559 1137 3616 fortasse
1159 3575 1253 3631 usque
1277 3556 1316 3614 ad

298 3644 388 3704 finem
416 3644 558 3703 deductus
587 3647 618 3703 et
645 3646 800 3705 undecimo
830 3664 864 3704 ao
888 3646 1061 3705 duodecimo
1085 3649 1224 3721 exceptus
1247 3646 1315 3703 fuit.

286 3733 472 3805 Baginensis
503 3732 616 3794 codicis
642 3738 764 3812 partem
796 3735 994 3814 posteriorem
1027 3755 1088 3794 non
1119 3754 1134 3793 e
1166 3734 1315 3793 Vaticano
