3250 4350
347 418 391 481 82
626 415 766 470 boum
784 416 955 470 IX'I'ERPR.
973 416 1082 470 VERG.

347 589 447 644 terretis
476 587 549 643 iter?
592 584 760 660 [occurrenti
788 587 897 644 toldus
920 586 968 643 die
989 587 1146 658 suspirans
1169 588 1282 658 imoque
1305 590 1361 643 trc-

345 677 417 732 leeris
443 694 463 732 o
485 678 601 747 pectore
630 674 755 750 cocemJ:
790 676 868 732 mira
895 675 1027 733 brevitas
1049 674 1265 753 interrogantis
1288 694 1362 750 quae

345 767 445 822 totum
476 783 536 822 uno
568 783 656 822 versu
683 764 828 839 conplexa
854 769 913 836 eo,
941 765 1056 822 scilicet
1086 767 1123 822 ut
1151 763 1286 822 dicerent
1313 763 1362 838 qui

347 857 453 925 essent,
466 853 546 910 unde
565 855 709 926 venirent,
724 872 783 928 quo
801 858 967 930 pergerent.
998 854 1073 911 baec
1085 855 1283 930 interrogatio
1298 871 1364 928 pro

346 941 504 1017 positionis
526 944 624 1000 instar
645 943 765 1015 retinet,
787 943 868 1017 qnod
889 943 989 1017 ipsum
1010 942 1044 999 in
1065 943 1257 1017 responsione
1280 961 1364 1000 mou·
1387 962 1397 1000 5

346 1031 498 1090 strabitur.
540 1032 737 1107 interrogatio
755 1036 857 1089 tamen
875 1030 943 1107 ipsa
965 1049 1024 1088 nou
1047 1035 1131 1090 earet
1151 1030 1272 1105 iraude3
1295 1050 1365 1089 nam

346 1119 455 1178 idcirco
477 1120 603 1178 inmissa
625 1125 685 1195 est,
708 1124 742 1178 ut
765 1120 862 1178 adhuc
884 1121 1000 1179 Aeneas
1022 1139 1083 1178 uon
1106 1121 1206 1194 deam,
1234 1120 1287 1178 sed
1314 1120 1366 1178 ho-

346 1209 458 1268 minem
480 1209 621 1284 erederet,
644 1210 724 1284 qnod
746 1210 858 1268 Veneri
880 1229 940 1268 nou
961 1209 1108 1284 provenit
1148 1228 1218 1267 uam
1242 1209 1366 1268 Aenean

348 1299 489 1375 adsignat
515 1301 606 1373 poeta
633 1317 693 1356 nou
716 1299 870 1356 transduci
892 1298 1058 1357 calliditate
1080 1298 1229 1370 fallentis,
1259 1299 1313 1357 sod
1335 1299 1366 1355 in

347 1407 382 1446 eo
410 1406 613 1462 perseverare,
640 1399 677 1446 ut
704 1387 789 1445 deam
819 1388 934 1462 eredat,
961 1406 1032 1445 nam
1058 1387 1118 1462 ipsi
1146 1387 1227 1462 parti
1258 1389 1366 1462 primo,
1379 1408 1401 1446 ro

347 1476 454 1535 dehinc
477 1476 621 1551 quaesitis
645 1494 712 1534 oum
735 1496 845 1554 magna
869 1476 961 1535 animi
983 1476 1165 1534 laceratione
1191 1477 1367 1550 respondet3

347 1565 447 1623 nullus
480 1565 558 1623 euim
589 1566 671 1624 mala
697 1583 752 1623 sua
779 1569 810 1623 et
837 1585 873 1623 ea
899 1566 932 1623 in
959 1565 1067 1640 quibus
1097 1565 1194 1623 adhuc
1225 1566 1368 1624 volvatur

348 1655 411 1713 sine
434 1653 535 1712 dolore
559 1657 776 1713 commemorat.

414 1742 469 1800 Ait
490 1761 561 1820 ergo
589 1761 605 1800 o
629 1743 697 1810 deo,
725 1745 752 1801 si
768 1746 872 1816 primo
895 1747 1026 1817 repetens
1049 1745 1087 1802 ab
1110 1744 1223 1817 oripine
1240 1761 1367 1818 perram

349 1836 375 1889 et
404 1835 487 1890 occet
517 1832 637 1890 anoctis
668 1836 836 1890 nostrorum
867 1834 972 1890 audire
1004 1833 1151 1900 laborum,
1188 1837 1257 1891 ome
1289 1835 1367 1892 diem
1380 1851 1402 1891 ιε

348 1921 447 1979 clauso
470 1926 609 1994 conportet
632 1938 731 1993 uesper
750 1920 879 1994 Olyowo.
917 1921 1013 1995 deam,
1030 1922 1140 1998 inquit,
1162 1925 1193 1980 te
1216 1939 1281 1980 esse
1306 1941 1367 1980 cer·

349 2010 497 2068 tissimum
526 2014 585 2086 est,
614 2029 690 2084 quae
713 2013 815 2068 autem
838 2013 922 2086 cupis
946 2010 1049 2071 andire
1072 2014 1102 2069 et
1124 2010 1220 2068 multa
1243 2015 1316 2070 sunt
1339 2014 1368 2069 et

349 2099 473 2175 prolixa.
520 2099 578 2157 duo
602 2103 674 2158 sunt
697 2100 776 2157 enim
799 2118 876 2174 quae
900 2099 1070 2176 inpediunt,
1093 2120 1187 2157 unum
1210 2100 1284 2175 quia
1308 2120 1368 2159 non

349 2192 446 2261 vacat,
469 2189 596 2247 alterum
621 2188 692 2263 quia
714 2191 917 2247 narrationem
940 2190 1088 2248 malorum
1105 2190 1195 2247 unius
1214 2190 1288 2246 anui
1308 2190 1367 2248 diei

349 2283 466 2352 tempus
494 2278 603 2353 inpleri
630 2297 689 2335 non
717 2278 841 2353 patitur.
887 2278 1069 2353 properabat
1097 2278 1176 2336 enim
1201 2278 1300 2337 redire
1329 2280 1366 2337 ad
1381 2299 1404 2337 ro

350 2385 418 2425 suos
442 2368 472 2424 et
495 2366 525 2423 in
548 2367 622 2425 loeis
644 2367 805 2444 incognitis
829 2371 859 2425 et
882 2367 1007 2426 desertis
1031 2371 1099 2442 post
1121 2367 1210 2425 finem
1234 2367 1295 2425 diei
1324 2387 1367 2427 se-

349 2459 472 2532 paratus
500 2456 537 2513 ab
564 2457 638 2530 ipsis
666 2456 793 2514 inveniri
821 2476 881 2514 non
908 2456 1017 2514 debuit.
1063 2457 1136 2514 haec
1159 2475 1230 2533 ergo
1253 2456 1368 2516 brevis·

350 2546 426 2602 sima
448 2545 597 2620 principia
619 2547 748 2618 fuerunt,
766 2545 799 2602 in
818 2546 925 2620 quibus
943 2546 1111 2604 benivolam
1129 2545 1202 2604 iecit
1220 2566 1255 2603 ex
1273 2546 1367 2605 hono·

320 2648 324 2653 ’
350 2634 504 2707 rificentia‚
528 2652 596 2691 cum
620 2634 706 2692 deam
730 2635 872 2709 appellat,
891 2638 922 2692 et
940 2635 1012 2692 fecit
1031 2637 1186 2708 attentam,
1205 2652 1273 2693 oum
1293 2636 1369 2694 dicit

351 2723 446 2779 multa
466 2741 527 2781 esse
551 2723 630 2780 mala
654 2741 729 2798 quae
752 2724 862 2781 referre
885 2727 1010 2800 cogatur
1032 2727 1062 2782 et
1085 2742 1119 2782 eo
1142 2743 1249 2800 genere
1268 2727 1367 2784 osten·
1382 2744 1406 2783 es

352 2811 396 2868 dit
419 2830 450 2868 se
474 2831 531 2869 non
557 2812 665 2885 omnia,
690 2812 740 2869 sed
763 2812 866 2886 aliqua
889 2831 951 2870 esse
975 2812 1132 2870 dicturum.
1174 2812 1284 2888 incipit
1306 2814 1368 2873 iam

351 2900 447 2974 ipsam
475 2900 677 2958 narrationem
706 2903 735 2957 et
762 2901 922 2975 respondet
949 2901 1125 2977 propositis,
1159 2902 1210 2959 sed
1242 2921 1304 2961 non
1334 2923 1367 2962 eo

352 2988 453 3047 ordine
482 3006 540 3063 quo
569 2991 704 3063 quaesita
733 2992 809 3047 sunt.
856 2991 909 3047 illa
938 2990 1016 3047 enim
1044 2990 1120 3048 dixit
1149 2991 1200 3049 sed
1230 3009 1284 3050 vos
1316 2995 1369 3067 qui

351 3075 491 3134 tandem?
524 3078 574 3134 ille
594 3078 738 3136 secundae
757 3079 911 3153 respondit
929 3083 959 3137 et
978 3081 1020 3137 sic
1038 3080 1167 3154 primae3
1185 3082 1217 3137 in
1236 3082 1368 3140 secunda

352 3165 430 3223 enim
466 3167 660 3240 inquisitione
697 3167 773 3225 dixit
813 3168 920 3242 quibus
958 3170 1011 3225 aut
1046 3168 1171 3226 venistis
1208 3169 1246 3226 ab
1285 3168 1367 3229 oris?
1381 3190 1406 3229 eo

300 3255 541 3329 eiorespondens
569 3257 664 3331 igitur
687 3258 731 3314 ait
758 3274 811 3314 cos
836 3258 926 3315 Troia
949 3259 1072 3328 antiquo
1096 3257 1136 3329 (si
1157 3262 1269 3316 cestros
1293 3261 1368 3332 forte

425 3447 438 3493 1
463 3444 673 3509 quaerenti-2
697 3459 784 3496 vocem
812 3444 892 3496 deest
919 3444 948 3495 in
977 3444 1040 3510 LR,
1070 3444 1118 3497 sed
1147 3444 1313 3513 explicatur.

354 3514 583 3583 ‘nicterropootis
602 3513 654 3565 LR
673 3515 804 3584 -patc‘oois
823 3515 865 3567 ed.
929 3520 1020 3569 3toto
1040 3515 1084 3569 ed.
1146 3522 1308 3585 tque-5
1327 3536 1366 3572 re-

353 3584 420 3637 tinet
438 3601 491 3637 om.
507 3584 549 3637 ed.
612 3590 628 3637 8
643 3588 734 3639 ceneri
752 3586 803 3637 LR
821 3602 914 3639 reuera
933 3586 975 3639 ed.
1040 3591 1072 3639 19
1092 3590 1163 3640 coici
1181 3604 1235 3642 om.
1251 3588 1295 3643 ed.
1311 3593 1366 3658 (en-

347 3653 476 3721 piioatur
493 3656 623 3726 conclis).
680 3660 713 3709 23
734 3658 885 3711 benivolum
899 3657 952 3709 LR
970 3657 1004 3710 ei.
1017 3663 1050 3710 76
1070 3659 1281 3713 berweoleoticm
1301 3662 1364 3730 ed!

337 3730 366 3774 el
378 3725 624 3793 honorificentiore
645 3728 687 3784 ed.
751 3735 786 3783 25
806 3730 949 3802 copebotcr
967 3728 1021 3780 bit
1037 3728 1082 3781 ed.
1136 3736 1169 3782 29
1188 3732 1308 3786 seeundo
1326 3750 1365 3786 re·

320 3797 498 3856 assondeted.
541 3805 579 3856 30
589 3803 810 3873 inquisitionem
821 3802 866 3858 ed.
906 3800 1370 3869 31respoudeiaiqitorottomed.
