3250 4350
703 415 909 471 PRAEFATIO
1252 417 1316 472 xm

292 581 431 643 locutum
454 580 534 644 esse“
558 588 596 662 et,
620 603 687 644 oum
710 603 741 644 se
764 605 799 644 ex
822 586 1024 662 compluribus
1047 585 1101 645 illa
1120 586 1315 646 collecturum

291 673 386 748 dicat,
409 672 510 748 „istud
533 673 740 750 compendium
764 677 972 750 excerpturum
994 672 1114 747 fuisse“‚
1136 675 1172 734 de
1192 694 1250 750 quo
1269 677 1314 735 fa-

292 761 431 836 bulatur,
459 762 568 840 „idque
596 762 700 837 otiam,
729 764 755 822 si
781 783 835 840 per
862 783 894 824 00
921 775 1049 841 0000100,
1072 764 1192 824 Donato
1217 767 1314 842 magis

293 850 496 911 convenisse“.
542 869 613 910 nam
636 852 716 927 quod
739 853 848 912 01100
871 853 984 930 epilogi
1006 853 1071 912 loco
1095 856 1126 912 et
1151 857 1179 927 7,
1194 854 1257 912 646
1283 872 1314 914 00

294 958 362 999 oum
381 941 419 1000 de
438 940 507 999 aliis
524 941 614 1000 rebus
632 942 697 999 tum
716 941 751 1000 de
769 941 930 1001 herbarum
948 942 1118 1002 nominibus
1135 944 1168 1001 in
1181 942 1313 1002 Aeneide

295 1029 399 1090 addito
422 1030 514 1090 tertio
532 1029 647 1089 decimo
665 1029 743 1088 libro
762 1032 945 1107 scripturum
962 1050 1026 1091 asse
1044 1031 1135 1106 11001,
1153 1032 1314 1091 herbarum

294 1122 397 1177 autem
424 1121 548 1179 nomina
573 1120 605 1176 in
633 1119 687 1178 1110
715 1120 854 1197 catalogo
878 1121 999 1196 septimi
1021 1119 1093 1198 libri
1115 1122 1246 1196 „frustra
1268 1141 1313 1180 re·

293 1206 415 1282 quiras“
438 1226 493 1267 nec
515 1210 582 1266 tota
599 1207 731 1267 Aeneide
753 1210 850 1267 multa
872 1209 1031 1268 herbarum
1050 1210 1186 1284 exempla
1203 1212 1313 1284 extent,

292 1298 336 1355 sic
360 1295 397 1356 do
419 1297 477 1356 bac
498 1315 532 1355 re
554 1297 745 1356 statuendum
765 1298 808 1358 ait
826 1298 974 1374 Hoppius,
992 1300 1028 1356 ut
1046 1298 1182 1358 Donatus
1202 1299 1313 1358 librum

293 1386 426 1462 aliquem
454 1387 507 1460 qui
530 1405 594 1460 ,res
622 1404 682 1445 non
709 1388 805 1446 solum
829 1389 862 1446 in
884 1386 1017 1446 Aeneide
1039 1406 1144 1445 verum
1167 1387 1258 1447 etiam
1279 1390 1312 1445 in

293 1473 445 1534 Bucolicis
473 1476 504 1533 et
532 1473 684 1552 Georgicis
712 1473 876 1535 tractatas“
896 1476 1074 1553 'complexus
1101 1478 1154 1549 011,
1178 1496 1250 1552 000,
1277 1480 1312 1535 01

292 1564 356 1639 ipse
390 1563 534 1639 affirmat,
566 1567 701 1623 veterum
733 1566 961 1625 commentarios
993 1569 1183 1641 excerpturus
1220 1566 1311 1624 101000

292 1653 440 1713 videatur.
487 1656 519 1712 at
546 1653 604 1713 duo
633 1656 704 1712 sunt
729 1655 762 1713 in
790 1655 927 1732 catalogo
960 1653 1031 1712 libri
1060 1656 1181 1730 septimi
1208 1672 1311 1712 versus

294 1746 311 1801 7
316 1743 358 1801 58
388 1745 420 1801 et
449 1743 511 1802 769
540 1741 572 1800 in
600 1741 708 1818 quibus
735 1743 895 1802 herbanum
922 1742 1098 1820 aVergilio
1126 1745 1171 1802 ita
1198 1744 1310 1801 mentio

291 1831 340 1906 fit,
368 1833 404 1890 ut
426 1831 573 1890 eruditior
596 1832 631 1890 de
654 1833 692 1890 iis
716 1831 882 1908 disputatio
909 1834 1043 1908 potuerit
1068 1832 1201 1906 institui,
1228 1831 1310 1906 iique

290 1919 460 1995 sufficiunt,
486 1923 521 1979 ut
544 1920 681 1980 Donatus
709 1921 839 1981 oratorie
867 1920 1007 1980 videlicet
1032 1919 1065 1978 id
1093 1920 1174 1996 quod
1196 1920 1311 1979 dictum

291 2012 338 2069 est
361 2008 486 2086 „plenus
509 2027 545 2068 ac
566 2008 713 2069 refertus“
736 2011 884 2085 posuerit3
916 2028 987 2068 nam
1009 2029 1046 2067 ne
1069 2011 1217 2069 montium
1245 2010 1310 2085 qui-

290 2098 360 2157 dem
383 2101 415 2158 et
436 2099 576 2172 lentium,
599 2100 626 2158 si
648 2099 828 2177 singillatim
850 2100 990 2175 accipias,
1013 2099 1167 2178 catalogus
1186 2097 1309 2175 „plenus

291 2206 327 2247 ao
345 2187 493 2248 refertus“
513 2191 566 2262 est,
585 2189 637 2248 sed
656 2190 838 2248 coniunctim
855 2190 912 2249 hoo
930 2189 966 2248 de
985 2188 1121 2247 omnibus
1140 2189 1201 2248 illis
1221 2188 1310 2248 rebus

288 2276 536 2354 intellegendum.
581 2279 614 2336 in
642 2278 750 2337 decimi
776 2281 878 2337 autem
904 2278 976 2337 libri
1004 2278 1141 2354 catalogo
1169 2278 1245 2336 nibil
1274 2278 1310 2336 10

289 2366 391 2425 herbis
414 2367 488 2425 dicit
510 2386 537 2426 v.
559 2368 633 2441 187,
656 2370 798 2442 quoniam
820 2368 921 2426 nullae
944 2387 963 2426 0
985 2370 1075 2442 poeta
1097 2368 1308 2425 memorantur.

289 2458 412 2515 tenetur
434 2475 504 2533 ergo
527 2474 587 2515 non
610 2456 746 2515 Donatus
770 2458 915 2516 vanitatis
939 2457 1074 2529 crimine,
1098 2456 1149 2515 001
1172 2456 1309 2531 Hoppius

290 2545 479 2603 temeritatis.
516 2545 590 2604 haec
612 2564 673 2604 non
695 2546 824 2620 brevius,
843 2548 877 2603 ut
900 2546 1029 2621 mallem,
1049 2563 1194 2621 exponere
1212 2546 1309 2619 potui,

290 2634 363 2707 quia
390 2632 529 2709 Hoppius
556 2634 626 2693 hinc
654 2636 743 2710 quasi
768 2654 800 2693 re
827 2634 902 2693 bene
930 2636 1014 2712 gesta
1042 2633 1081 2692 ad
1107 2634 1193 2692 illam
1219 2652 1308 2708 quae-

290 2725 419 2782 stionem
443 2722 616 2783 solvendam
639 2723 753 2783 accedit
777 2742 854 2799 quae
877 2727 923 2783 001
945 2723 981 2782 10
1003 2726 1121 2782 rationo
1143 2720 1307 2781 10100800-

289 2811 374 2869 vium
407 2814 437 2870 01
466 2811 615 2870 Donatum
649 2812 860 2872 intercedente.
911 2814 950 2873 iis
981 2813 1061 2870 enim
1092 2812 1166 2871 locis
1198 2810 1307 2887 quibus

289 2899 428 2960 Donatus
446 2900 495 2959 vel
513 2900 549 2959 de
568 2902 758 2976 „multorum
777 2899 981 2977 0000001010ιι
1000 2904 1053 2959 eto.
1069 2900 1225 2960 sententiis
1244 2900 1308 2977 agit

289 2990 336 3047 vel
360 2990 562 3049 locutionibus
586 2990 715 3065 „dicunt
736 2989 849 3049 fertur“
868 2994 922 3050 etc.
945 2991 1042 3049 utitur
1064 2989 1253 3065 perlustratis
1277 2991 1307 3047 et

289 3077 415 3137 calculis
438 3078 604 3138 Burolrasio
626 3080 737 3139 rectius
760 3079 914 3139 subductis
935 3081 968 3137 10
990 3079 1068 3137 hanc
1085 3081 1235 3153 postremo
1254 3097 1305 3137 vo-

290 3184 353 3225 cem
376 3169 519 3243 erumpit:
543 3169 694 3242 „locorum
717 3171 770 3244 qui
793 3167 831 3227 ad
854 3169 950 3227 solum
969 3166 1106 3226 Servium
1128 3168 1234 3225 referri
1257 3186 1307 3225 ne·

290 3264 405 3330 queunt
427 3276 567 3316 numerus
591 3275 658 3316 cum
677 3258 717 3317 sit
740 3253 813 3333 (illis
833 3260 886 3333 qui
904 3256 943 3315 ad
961 3275 1029 3315 eum
1047 3259 1172 3332 possunt
1187 3248 1305 3337 referri)

288 3345 382 3420 triplo
406 3345 468 3405 fere
491 3347 595 3421 maior,
615 3348 682 3405 acta
703 3365 751 3405 res
775 3349 829 3419 cst,
848 3347 873 3407 si
892 3345 980 3405 modo
999 3345 1134 3421 pluribus
1153 3345 1307 3403 Donatum

287 3450 376 3493 usum
404 3453 464 3493 non
492 3453 555 3494 esse
583 3434 754 3494 auctoribus
781 3438 861 3495 recte
893 3432 1013 3494 statui‘.
1059 3437 1136 3507 0010,
1165 3436 1191 3493 01
1217 3436 1305 3492 recte.

289 3527 321 3582 at
345 3524 380 3598 si,
404 3527 440 3583 ut
462 3525 526 3599 ipse
548 3526 581 3581 in
604 3525 756 3599 prooemio
780 3527 811 3583 et
832 3526 865 3581 iu
888 3525 1006 3601 epilogo
1030 3523 1188 3601 significat,
1211 3522 1305 3598 pluri-

289 3611 344 3671 bus
375 3630 448 3672 usus
480 3616 538 3687 cst,
570 3615 670 3688 potuit
702 3614 792 3672 etiam
822 3611 925 3672 Servio
956 3614 1004 3671 uti
1034 3613 1125 3687 idque
1152 3630 1211 3669 uno
1240 3613 1305 3670 loco

290 3703 322 3776 2,
348 3703 428 3775 341,
467 3721 554 3776 quem
587 3705 617 3761 et
646 3703 827 3763 Burolrasius
860 3705 890 3763 et
923 3700 1067 3783 Hoppius
1097 3702 1324 3785 praetermisit,

283 3790 438 3845 0110011010
470 3789 590 3846 evidens
621 3793 672 3848 ost,
718 3791 765 3853 ibi
797 3797 881 3857 enim
900 3796 1043 3863 Seruius
1075 3800 1159 3863 baec
1186 3795 1342 3859 adnotata
