3250 4350
635 436 879 491 Ἰ1111110011
905 455 907 457 -
935 448 939 456 ,
1214 437 1278 504 481

262 604 395 679 Acestes,
418 606 471 666 sed,
494 604 611 664 Acestis
636 624 744 665 nomen
766 605 900 665 subsedit
920 607 954 664 in
977 607 1073 683 galea,
1100 627 1189 683 quem
1212 607 1280 667 duci

262 712 382 753 necesse
404 713 465 753 non
488 695 599 768 fuerat,
623 696 696 769 qiua
718 696 750 752 in
773 713 833 754 uno
857 698 887 753 et
914 696 977 754 solo
1006 713 1069 754 osse
1093 715 1152 755 non
1181 699 1282 772 potuit

262 784 354 842 sortis
376 785 536 855 incertum3
565 784 676 859 quippe
698 783 762 859 ipse
786 787 873 842 exeat
894 801 1012 844 necesso
1041 788 1099 859 est,
1121 786 1175 843 ubi
1203 786 1280 845 alius

264 892 326 931 non
355 874 408 931 est.
453 872 550 931 voluit
582 872 676 951 igitur
706 872 830 932 Acestes
857 874 937 932 inter
967 874 1089 932 iuvenes
1121 876 1280 948 numerari,

236 980 325 1021 snon
363 963 471 1020 mentis
508 963 643 1038 ignavia,
680 962 731 1019 sed
767 961 907 1020 ludorum
943 965 1028 1036 voto,
1064 963 1112 1021 vel
1153 965 1281 1023 maxime

264 1070 334 1109 eum
361 1051 541 1128 sagittarum
568 1053 717 1112 certamen
744 1070 803 1109 non
832 1051 936 1110 robore
965 1053 1110 1127 eorporis,
1143 1053 1196 1111 sed
1225 1071 1281 1111 usn

264 1143 367 1215 posset
399 1143 429 1198 et
464 1141 674 1198 exercitatione
707 1142 853 1199 constare.
916 1139 994 1199 hune
1025 1142 1126 1200 tamen
1159 1143 1281 1201 eventus

265 1231 356 1287 sortis
387 1247 405 1286 a
432 1228 604 1288 fortioribus
637 1230 788 1303 separavit
820 1228 852 1286 in
884 1230 952 1288 sinu
984 1230 1086 1306 galeae
1118 1232 1281 1290 retinendo.

265 1322 328 1376 turu
350 1318 458 1377 ruistis
480 1319 570 1389 flexos
592 1321 749 1378 incurrant
774 1319 888 1377 viribus
911 1336 999 1379 araus
1015 1337 1074 1392 pro
1096 1337 1127 1378 se
1153 1322 1273 1394 quisque
1282 1325 1334 1375 500

218 1424 252 1466 ao
266 1407 325 1465 oiri
353 1410 379 1465 et
405 1407 579 1480 depromunt
607 1408 664 1465 tela
681 1407 847 1480 pharetris:
874 1407 1089 1467 meditamenta
1117 1411 1187 1466 sunt
1213 1411 1281 1482 ista,

265 1497 415 1570 temptare
443 1514 528 1554 arens
557 1498 647 1571 atque
675 1515 798 1555 curvare
826 1515 880 1572 pro
908 1497 997 1557 modo
1020 1497 1129 1555 virium
1152 1516 1281 1556 suarum.

266 1584 434 1642 curvabunt
470 1602 554 1643 arens
591 1587 622 1642 et
658 1586 784 1662 sagittas
827 1604 862 1643 ex
898 1586 1046 1661 pharetris
1082 1586 1281 1661 proferebant.

261 1676 420 1746 primaque
445 1690 503 1746 per
534 1674 646 1734 caetum
676 1691 765 1747 uerae
793 1675 932 1734 stridente
961 1677 1069 1749 sapitta
1087 1676 1282 1750 ,Hyrtacidae

259 1765 382 1821 iueeuis
404 1762 530 1820 volueris
553 1763 718 1821 diverberat
736 1763 801 1821 atas
821 1768 846 1821 et
864 1766 942 1822 veuit
959 1765 1130 1837 adversique
1148 1766 1282 1839 iufiqitur

226 1869 252 1910 rs
267 1852 371 1909 arbore
397 1851 479 1909 uati.
530 1853 681 1910 iutreruuit
708 1851 806 1909 uatus
833 1853 983 1924 timuitque
1010 1856 1146 1912 exterrita
1167 1857 1335 1927 piuuis50o

267 1940 328 1998 ates
352 1944 377 1997 et
398 1942 508 2013 iupeuti
535 1944 697 1998 souueruut
723 1942 824 1998 ornuia
840 1940 970 2013 plausu:
997 1940 1045 1998 hio
1072 1941 1132 1999 fait
1160 1944 1282 2001 eventus

267 2028 397 2105 sagittae
415 2030 543 2102 primae:
562 2047 632 2086 nam
654 2027 742 2087 inter
757 2029 821 2087 alas
843 2029 899 2088 hoo
923 2032 968 2086 est
985 2030 1064 2087 inter
1082 2031 1198 2087 alarum
1218 2033 1282 2105 pin-

266 2135 321 2176 nas
346 2118 494 2177 transiens
517 2119 600 2196 ligno
623 2117 723 2193 potius
747 2136 839 2193 quam
863 2118 1016 2177 columbae
1039 2118 1201 2178 visceribus
1224 2119 1283 2178 fixa

268 2210 322 2280 est,
347 2226 405 2282 quo
428 2208 545 2283 impetu
569 2209 599 2265 et
622 2206 710 2266 arbor
732 2208 854 2283 inpulsa
882 2210 1061 2267 contremuit
1089 2211 1119 2267 et
1147 2209 1283 2268 columba

218 2314 253 2356 so
267 2296 411 2355 exterrita
434 2296 598 2373 geminavit
621 2296 753 2372 trepidos
775 2297 910 2371 plausus,
932 2298 964 2355 in
987 2299 1105 2355 tantum
1128 2302 1284 2356 uteorum

268 2403 358 2443 sonus
386 2386 554 2460 conplesset
583 2384 729 2445 universa.
770 2390 840 2459 post
869 2404 936 2445 acer
961 2387 1131 2445 Mnestheus
1159 2386 1283 2445 adducto

268 2476 395 2533 constitit
413 2492 485 2533 areu
504 2475 566 2532 utta
578 2478 681 2547 peteris
689 2477 861 2549 pariterque
879 2476 976 2534 eustos
994 2476 1136 2549 telumque
1154 2476 1284 2534 teteudit:

270 2562 394 2621 dicendo
410 2582 507 2622 acrem
522 2565 552 2621 et
566 2562 667 2622 oeulos
682 2583 749 2621 eum
763 2564 854 2623 simul
877 2582 911 2622 aa
930 2564 1024 2622 telum
1042 2566 1074 2622 in
1094 2564 1284 2622 altitudinem

218 2759 253 2801 ss
268 2742 426 2799 iacturum.
477 2746 524 2800 ast
554 2743 651 2814 ipsura
680 2742 867 2801 miserandus
897 2760 980 2801 areru
1011 2745 1173 2816 coutiupere
1204 2745 1283 2816 ferro

266 2846 328 2888 uou
346 2832 448 2898 (101011,
467 2831 557 2888 uades
577 2834 602 2890 et
619 2831 738 2889 auuuta
757 2831 836 2889 tiuea
853 2833 943 2903 rupit,
966 2833 1031 2904 quis
1048 2833 1158 2889 uacua
1169 2832 1275 2904 pedem
1285 2836 1337 2886 510

266 2920 347 2978 rualo
374 2920 521 2991 pendebat
552 2921 589 2978 ab
622 2920 697 2978 otto:
732 2920 806 2978 bene
835 2921 937 2996 posuit
967 2920 1182 2995 miserandum,
1214 2940 1284 2979 nam

343 3111 356 3158 1
376 3122 454 3174 quera
472 3105 525 3159 LR
547 3123 616 3174 quae
635 3106 677 3160 ed.
787 3110 804 3158 4
825 3107 916 3160 uetuit
933 3108 1214 3177 ipitur-uumerari
1234 3106 1284 3160 LR
1364 3172 1371 3183 ,

218 3216 222 3240 .,
265 3178 486 3247 1010110190-
502 3178 645 3231 munerari
662 3178 705 3232 ed.
725 3178 811 3232 ootur't
829 3179 926 3230 i.-rr.
946 3178 1058 3247 scripsi,
1083 3178 1151 3245 quia
1173 3181 1283 3232 senten·

264 3249 341 3303 tiam
359 3247 432 3301 hanc
451 3264 511 3302 esse
531 3250 661 3317 apparet:
690 3248 806 3330 Acestes
824 3247 899 3301 inter
916 3248 1031 3303 invenes
1049 3249 1162 3318 prodire
1185 3248 1282 3312 voluit

265 3337 325 3374 non
344 3321 421 3371 ment
422 3319 447 3372 is
465 3318 671 3389 imbecillitate,
686 3318 765 3373 cuins
785 3334 864 3373 senes
882 3318 1019 3373 iuvenilia
1036 3321 1191 3374 tractantes
1208 3322 1283 3373 recte

266 3392 446 3456 accusantur,
466 3390 515 3443 sed
533 3391 592 3443 nt'
583 3408 644 3459 rpse
663 3406 775 3461 qnoque
794 3390 832 3444 ad
845 3390 927 3444 ludos
942 3390 1093 3445 honorifice
1107 3392 1283 3462 peragendos

264 3476 385 3530 operam
407 3476 487 3514 suam
511 3411 681 3516 contulisseq
685 3462 839 3530 videretur,
868 3462 1035 3531 praesertim
1060 3480 1123 3515 cum
1149 3462 1203 3515 hoc
1226 3477 1284 3516 eer-

266 3538 365 3587 tamen
385 3531 463 3598 artis,
481 3547 539 3585 non
557 3531 664 3586 roboris
683 3538 763 3589 esset.
871 3540 888 3587 b
908 3535 1033 3589 ludorum
1053 3534 1084 3586 R
1097 3533 1244 3588 laudarum
1262 3532 1284 3584 L

266 3604 385 3660 laudum
404 3603 446 3656 ed.
536 3608 569 3656 14
588 3604 787 3660 deverberatlr.
819 3608 823 3674 Ι
857 3606 919 3660 alas
936 3605 958 3658 L
977 3622 1063 3659 eruas
1081 3604 1107 3657 R
1124 3603 1167 3658 ed.
1187 3606 1285 3657 eontra

253 3678 501 3743 interpam
526 3675 682 3743 eouptisset
692 3673 714 3727 L
737 3678 911 3745 couptevisset
932 3676 977 3730 ed
1013 3679 1017 3743 Ι
1051 3676 1146 3730 educto
1169 3675 1212 3730 ed.

266 3752 303 3801 23
324 3762 412 3799 aerem
430 3745 483 3799 th
502 3745 545 3799 ed.
565 3762 634 3800 corr.
654 3745 697 3800 ed.
716 3749 788 3815 post.
886 3754 921 3801 24
940 3748 998 3816 aliq
998 3746 1049 3801 uid
1067 3748 1146 3802 illum
1164 3745 1185 3799 L
1204 3746 1273 3861 illuri

266 3816 381 3886 aliquid
398 3816 424 3869 R
442 3834 468 3871 a.
483 3818 575 3886 ipsum
592 3816 650 3871 ΗΠ
669 3816 717 3873 edl
735 3818 843 3885 aliquid
861 3818 928 3873 adl*

323 3915 376 3955 11011
360 3915 611 3966 :imminuam
612 3916 670 3957 10.Ι
1042 3913 1081 3961 'il
