3250 4350
669 325 852 380 nummos
870 326 883 379 1
905 376 908 380 .
1242 327 1285 392 95

218 476 220 492 ¹
267 499 416 554 monstrat
440 495 512 569 quid
535 514 590 571 pro
613 495 710 572 gloria
733 494 931 554 Troianorum
953 497 1079 570 faceret,
1107 495 1179 573 quid
1202 497 1284 556 ineu·

267 588 343 643 teret
375 585 517 644 dolorem.
569 584 699 642 faciebat
732 585 810 642 enim
841 604 896 660 pro
933 585 1031 662 gloria
1063 604 1131 644 eum
1162 585 1285 644 Troiani

267 672 395 732 Graecos
411 673 645 748 insequebantur
664 676 694 731 et
712 692 767 749 pro
785 675 886 749 patria
904 674 1091 749 laborabant,
1109 674 1285 734 movebatur

267 763 354 821 dolor
377 762 430 820 ubi
454 760 559 820 Graeci
582 763 748 838 superiores
771 763 950 822 videbantur
972 766 1111 840 expressi.
1144 781 1197 822 nec
1213 781 1284 836 pro-

241 854 313 910 seul
344 852 413 910 nme
442 852 533 910 Rhesi
563 853 655 910 niueis
688 852 811 910 tentoria
842 854 914 912 uelis
946 855 1076 926 aqnoseit
1107 854 1275 921 lacrimans,
1286 863 1338 912 470

264 944 361 1014 prime
390 959 465 1013 quae
487 942 610 1014 prodita
636 957 735 998 somno
765 941 892 1014 Tydides
917 943 1011 1000 multa
1037 942 1173 1001 rasmbat
1199 943 1285 1000 caede

265 1035 417 1097 eruentur,
449 1031 635 1102 ardentisque
664 1032 768 1088 eremit
795 1047 881 1104 equos
907 1033 940 1089 in
968 1035 1078 1099 eastra,
1105 1034 1284 1104 priusquam

260 1120 378 1192 pabula
394 1123 562 1192 pustassent
580 1120 686 1178 Troiae
705 1119 914 1192 Xanthumque
932 1121 1075 1179 bibissent.
1113 1140 1182 1178 mox
1205 1121 1284 1178 enim

265 1212 299 1267 ut
327 1209 427 1282 venit,
456 1209 569 1267 occisus
593 1210 638 1266 est
661 1212 692 1266 et
715 1207 837 1267 abducti
860 1212 930 1267 sunt
953 1211 1023 1285 equi
1045 1211 1108 1269 eius
1132 1210 1169 1267 ad
1193 1207 1285 1268 Grae*

225 1318 251 1357 re
264 1317 370 1356 eorum
394 1297 668 1374 congregationem
701 1300 800 1356 eastra
823 1297 902 1356 enim
925 1317 985 1357 non
1008 1299 1066 1358 soli
1088 1300 1217 1374 parietes
1239 1300 1285 1356 fa·

264 1389 352 1445 ciunt
378 1405 484 1445 verum
513 1388 604 1444 otiam
632 1386 757 1445 collecta
784 1388 816 1444 in
843 1407 936 1444 unum
958 1388 1089 1445 militum
1111 1387 1284 1447 multitudo.

264 1476 378 1534 idcirco
404 1477 505 1533 autem
528 1475 605 1533 dixit
627 1479 696 1534 ante
720 1477 848 1534 occisum
868 1476 999 1535 Rhesum
1023 1497 1113 1551 quam
1132 1480 1201 1552 equi
1220 1479 1284 1536 eius

264 1569 320 1623 aut
356 1564 472 1639 pabula
509 1564 716 1642 degustassent
747 1563 878 1623 Troiana
910 1568 964 1623 aut
994 1565 1140 1648 bibissent
1171 1567 1285 1624 Xanthi

264 1654 394 1727 undam,
420 1657 455 1710 ut
478 1654 562 1712 exitii
585 1655 647 1713 eius
672 1656 702 1712 et
723 1654 805 1712 vitae
828 1653 918 1712 finem
941 1654 1066 1713 celerem
1087 1655 1120 1713 in
1142 1656 1209 1730 ipso
1233 1655 1284 1713 ad-

225 1764 250 1802 1⁵
265 1746 359 1802 ventu
379 1741 605 1801 demonstraret.
641 1761 708 1801 cum
727 1742 802 1802 dicit
823 1743 921 1801 multa
944 1744 1032 1802 caede
1054 1743 1194 1803 vastabat
1212 1744 1284 1802 Dio-

264 1831 366 1890 medes
386 1831 526 1905 tentoria‚
541 1830 672 1890 ostendit
690 1850 757 1891 cum
771 1831 870 1890 Rheso
888 1833 1033 1907 plurimos
1048 1853 1110 1893 esse
1124 1835 1284 1908 mactatos3

264 1940 326 1979 non
354 1920 435 1978 enim
462 1920 528 1978 fieri
554 1922 655 1996 potuit
681 1923 716 1978 ut
745 1921 825 1979 solus
849 1921 886 1979 ad
910 1922 1055 1980 auxilium
1078 1925 1209 1981 venisset
1231 1924 1285 1980 aut
1324 1907 1327 1918 ¹

265 2011 347 2068 solus
366 2011 398 2066 iu
417 2010 546 2068 tentorio
565 2011 772 2086 requiesceret.
809 2010 959 2069 subnectit
976 2013 1037 2069 iam
1055 2030 1189 2090 pugnam
1207 2030 1284 2087 quae

264 2103 353 2177 gesta
385 2102 431 2156 est
461 2099 540 2156 inter
567 2099 715 2158 Achillem
745 2102 775 2158 et
803 2099 945 2159 Troilum.
992 2102 1035 2159 sie
1063 2102 1142 2159 enim
1168 2102 1283 2177 posuit:

224 2210 250 2248 eo
259 2194 350 2262 parte
370 2188 432 2246 alia
450 2190 566 2262 sapiens
585 2191 703 2248 omneis
719 2190 836 2248 Troilus
854 2191 955 2259 armis,
968 2192 1072 2262 infelix
1089 2209 1168 2264 puer
1190 2195 1337 2266 atqueelt

264 2282 357 2351 inpar
381 2294 549 2349 conpressus
572 2277 689 2337 Achilli.
725 2278 794 2337 inde
816 2278 930 2352 infelix,
954 2282 1025 2354 quia
1047 2300 1122 2355 puer
1144 2283 1175 2338 et
1196 2282 1285 2354 inpar

265 2384 442 2444 congressus
461 2368 507 2425 est
526 2367 553 2425 ei
572 2369 624 2443 qui
643 2386 661 2425 a
679 2367 784 2426 iuvene
803 2370 941 2442 superari
962 2388 1023 2427 non
1046 2372 1153 2444 posset.
1190 2371 1285 2442 fertur

266 2458 348 2530 equis
372 2474 518 2529 curruque
539 2458 638 2515 haeret
659 2458 816 2528 resupr'nus
837 2459 936 2525 inani,
960 2458 1024 2516 lora
1047 2462 1144 2516 tenens
1172 2461 1285 2527 tantem·

264 2547 335 2603 luia
366 2547 518 2618 curiaque
549 2563 700 2619 comaeque
732 2546 890 2604 trabuntur
916 2565 973 2619 per
1004 2552 1113 2605 terram
1145 2550 1171 2605 et
1198 2564 1284 2604 cerea

229 2635 366 2707 apuleis
392 2635 563 2693 inscribitur
589 2636 688 2693 best:
725 2634 885 2710 descriptio
915 2638 961 2694 est
990 2638 1052 2694 eius
1082 2637 1133 2709 qui
1160 2634 1283 2711 supinus

265 2721 452 2783 trahebatur.
490 2726 602 2783 mirrea
625 2725 665 2782 ael
687 2723 825 2797 templum
846 2742 907 2781 non
929 2742 1039 2797 aequae
1061 2725 1205 2792 Palladis,
1228 2725 1284 2783 hoc

266 2814 310 2871 est
328 2814 437 2886 iratae,
455 2812 539 2871 ibant
556 2814 687 2872 omnibus
704 2813 820 2872 Iliades
832 2815 936 2886 passis
947 2814 1125 2887 peplumque
1142 2815 1275 2886 ferebant
1284 2822 1336 2870 480

265 2902 436 2975 suppliciter
458 2903 553 2960 tristes
577 2906 603 2960 et
625 2906 728 2960 timeae
744 2906 865 2975 pectora
883 2903 1009 2974 palmis:
1039 2904 1160 2979 peplum
1183 2903 1284 2961 ferunt

265 3008 361 3067 genus
389 3007 453 3049 esse
479 2992 572 3049 vestis
594 2991 772 3066 pertinentis
795 2991 834 3048 ad
855 2992 947 3048 ritum
972 2996 1152 3050 secretorum
1173 2991 1283 3049 Miner-

232 3098 335 3151 uiae,
365 3078 419 3137 alii
448 3083 567 3138 scutum
593 3079 742 3139 modicum
769 3080 881 3138 dicunt.
927 3081 982 3139 illa
1009 3082 1068 3139 solo
1091 3084 1166 3152 finos
1188 3081 1283 3139 oeulos

338 3290 356 3337 4
375 3288 496 3352 cupressi
509 3285 561 3338 LR
580 3285 653 3353 quod
666 3286 798 3353 remearit
811 3286 904 3339 dicens
918 3285 961 3339 ed.
1024 3292 1040 3339 ὁ
1059 3288 1144 3341 riurei
1162 3288 1191 3339 et
1209 3285 1283 3338 infra

265 3359 357 3412 rieeeec
376 3356 436 3410 LR.
492 3362 525 3410 12
545 3362 608 3411 ante
626 3359 764 3425 transpos.
780 3356 823 3410 ed.
881 3362 914 3411 14
933 3358 1012 3410 enitir'
1026 3357 1078 3409 LR.
1093 3358 1134 3410 ed.
1150 3358 1283 3411 erilium?
1386 3383 1390 3388 -

320 3434 354 3482 21
375 3428 449 3482 unde
467 3427 510 3482 ed.
576 3433 610 3481 22
629 3444 786 3499 conpressus
804 3434 843 3481 eet
860 3430 886 3482 ei
904 3430 971 3496 quia
989 3429 1096 3482 iuuenis
1113 3445 1243 3496 superare
1261 3428 1282 3480 L

266 3503 378 3554 iuvenes
395 3499 420 3552 a
439 3515 529 3570 conpr.
549 3516 603 3553 om.
618 3498 667 3552 edI
685 3502 824 3567 transpos.
844 3499 902 3552 edl’
923 3517 1000 3567 quem
1017 3516 1068 3567 pro
1088 3501 1154 3567 quia
1174 3499 1215 3552 ed.
1235 3500 1284 3568 qui

264 3592 283 3626 a
306 3573 405 3626 iucem
427 3572 555 3639 uiperari
577 3586 636 3625 nos.
727 3576 842 3623 28-29
864 3570 990 3636 ferebant
1011 3586 1096 3641 penne
1120 3576 1159 3625 est
1185 3570 1232 3625 ed.

264 3648 299 3696 29
317 3642 460 3712 pertinens
478 3640 521 3695 ed.
544 3644 551 3709 l
579 3647 738 3696 eerretrrum
755 3640 808 3695 aa
828 3659 974 3701 ramorum
991 3642 1013 3700 r'
1034 3644 1067 3700 in
1083 3660 1180 3717 marg.
1198 3642 1246 3697 ed.

263 3720 300 3767 30
318 3714 370 3764 illa
383 3711 438 3762 Me
453 3712 519 3764 dr'ra
536 3712 577 3764 ed.
599 3715 629 3765 et
649 3713 729 3784 Verg.
750 3714 821 3773 libri
840 3735 952 3777 omnes.
