3250 4350
649 436 833 492 muninus
852 437 891 492 vi
1216 439 1282 506 533

263 606 395 674 stabulo,
422 606 536 680 inquit,
564 607 624 664 ulta
652 608 794 680 ferarum.
841 606 1036 684 significando
1067 609 1131 668 alta
1163 609 1285 668 stabula
1373 615 1375 619 ’

265 693 398 752 ostendit
425 694 487 753 illic
512 695 591 753 feras
615 697 793 754 commorari
817 713 970 755 consuesse
993 697 1133 772 maiores,
1158 717 1285 773 quarum

264 787 362 841 metus
395 785 509 842 arceret
535 784 649 843 incolas
677 803 714 843 ne
740 785 818 843 hano
844 786 968 860 propter
995 785 1173 845 abscidenda
1200 787 1285 864 ligna

265 872 504 931 conscenderent.
551 875 697 948 quantum
725 873 848 932 Troiani
879 873 1043 932 laudantur
1075 877 1127 949 qui
1157 895 1218 934 non
1245 876 1285 934 ti·

224 980 247 1021 a
264 964 406 1020 iuuerunt
429 964 561 1021 evertere
584 962 703 1021 stabula
727 963 790 1021 alta
809 963 953 1021 ferarum!
991 962 1070 1039 quod
1089 967 1189 1023 autem
1209 963 1286 1023 dixit

265 1049 330 1108 itur
352 1050 384 1108 in
407 1053 565 1126 antiquam
588 1051 695 1112 silvam
717 1055 747 1110 et
764 1052 842 1110 hanc
861 1054 906 1110 ait
924 1052 1043 1112 stabula
1062 1053 1126 1112 alta
1144 1053 1285 1129 ferarum,

267 1139 441 1197 continuam
464 1140 601 1219 intellegi
623 1140 720 1199 voluit
743 1141 862 1200 stabula
880 1140 1019 1201 habuisse
1037 1143 1069 1200 in
1089 1141 1197 1217 quibus
1217 1159 1285 1201 con·

266 1230 369 1304 gestae
401 1229 482 1286 ferae
516 1232 736 1288 commanerent
767 1230 894 1305 potioris
926 1231 1053 1305 formae,
1090 1233 1125 1289 ut
1160 1229 1287 1290 stabulis

265 1319 376 1376 nostris
405 1317 528 1377 redacta
555 1319 586 1377 in
613 1338 707 1376 unum
737 1319 881 1378 animalia
913 1320 1062 1394 simplicia
1094 1319 1286 1396 colliguntur.

218 1425 248 1466 ro
267 1406 469 1481 appellatione
498 1407 684 1466 stabulorum
712 1407 844 1467 ostendit
872 1407 907 1466 de
935 1408 1073 1483 qualibus
1103 1409 1286 1484 loqueretur,

266 1498 397 1553 ceterum
431 1496 542 1555 cubilia
574 1496 698 1570 diceret,
728 1498 755 1556 si
781 1496 910 1555 minores
939 1496 1106 1573 significare
1133 1498 1285 1558 voluisset.

258 1585 459 1656 procumbunt
479 1588 597 1658 piceae:
633 1604 699 1644 ecce
725 1604 821 1643 unum
847 1604 941 1662 genus
968 1587 1044 1663 ligni
1070 1586 1198 1646 fovendo
1228 1587 1273 1644 in·
1284 1591 1336 1642 leo

266 1672 371 1731 cendio
408 1674 621 1748 necessarium
661 1674 753 1733 habet
789 1675 869 1733 enim
906 1674 1054 1749 quendam
1090 1693 1194 1734 sucum
1226 1694 1286 1751 quo

266 1764 383 1820 nutriat
414 1762 573 1821 flammam.
619 1767 704 1822 souat
731 1766 790 1822 ieta
817 1764 967 1822 securibus
997 1764 1069 1822 ilex:
1106 1782 1171 1824 ecce
1203 1764 1288 1824 aliud

218 1871 249 1912 rs
266 1869 361 1926 genus
386 1852 461 1930 ligni
485 1852 640 1911 silvestris.
677 1853 887 1925 fraxineaeque
909 1851 1020 1910 trabes:
1042 1854 1077 1909 ut
1099 1853 1219 1912 bierunt
1241 1853 1286 1912 in-

264 1943 369 2017 tegrae
389 1941 593 2000 volvebantur.
634 1942 733 1999 cuneis
748 1943 773 1998 et
785 1941 878 2013 rieule
890 1940 980 1998 robur
992 1941 1150 2000 scindetur:
1167 1943 1287 2019 lignum

266 2027 348 2103 quod
371 2030 461 2088 robur
484 2030 656 2105 appellatur
678 2029 741 2088 eius
765 2030 810 2088 est
833 2031 968 2102 naturae,
990 2031 1025 2088 ut
1048 2028 1144 2089 scindi
1166 2030 1286 2090 facilius

264 2117 370 2194 possit.
416 2121 575 2178 adcelerari
596 2119 721 2193 cuperetis
742 2119 888 2178 recutitus
918 2134 1020 2178 ornos:
1051 2136 1138 2178 ornos
1167 2138 1285 2196 quoque

263 2206 375 2265 robora
398 2203 561 2286 †faoitidia
584 2227 659 2285 quae
678 2210 800 2284 propter
818 2208 956 2267 effectum
974 2209 1019 2265 rei
1037 2208 1161 2267 Troiani
1179 2208 1285 2268 deicie-

218 2318 247 2359 rc
263 2295 347 2354 bant.
394 2298 568 2372 provolvere
601 2300 659 2372 est,
690 2300 725 2355 ut
758 2297 837 2373 quod
868 2299 931 2356 stat
962 2316 1052 2372 porro
1084 2298 1225 2356 volvatur
1254 2298 1286 2357 id

264 2388 312 2443 est
335 2385 430 2444 cadat.

334 2475 397 2533 Nec
418 2493 478 2533 riou
499 2474 618 2536 Aeaeos
640 2492 729 2549 opera
750 2476 827 2534 iuter
848 2477 936 2535 talto:
963 2474 1039 2533 talia
1061 2475 1117 2533 hoo
1140 2477 1185 2534 est
1208 2494 1284 2550 quae

265 2564 454 2638 pertinerent
472 2563 510 2623 ad
529 2567 618 2623 umidi
635 2565 735 2623 funus.
766 2566 886 2638 primus
899 2566 1032 2623 hortatu
1044 2565 1136 2622 socios
1144 2565 1284 2637 paribus-

265 2668 323 2725 que
345 2655 507 2726 seducitur
529 2656 637 2713 armis:
660 2653 768 2730 duplex
792 2651 917 2711 curabat
935 2651 1076 2726 officium,
1098 2655 1133 2710 ut
1151 2654 1285 2711 omnium

218 2763 245 2805 aa
265 2743 346 2799 esset
376 2741 513 2801 hortator
544 2744 575 2800 et
606 2761 728 2817 operum
760 2743 918 2818 particeps.
974 2759 1058 2799 arma
1090 2741 1166 2800 dixit
1197 2743 1284 2817 paria

265 2829 371 2903 qualia
391 2831 444 2888 alii
463 2831 623 2908 gestabant
641 2830 693 2906 qui
712 2829 875 2889 caedebant
894 2829 1012 2889 arbores
1032 2831 1166 2889 antium
1184 2849 1283 2891 caesas

264 2917 443 2977 scindebant
470 2922 578 2979 cuneis.
624 2921 725 2995 potest
756 2921 787 2978 et
819 2919 875 2993 sie,
907 2921 942 2977 ut
970 2937 1029 2980 non
1062 2919 1154 2978 verba
1186 2923 1284 2980 essent

263 3008 465 3083 hortamento,
489 3009 541 3068 sed
564 3009 653 3067 facta.
696 3009 762 3083 quis
787 3009 866 3066 enim
889 3027 949 3067 non
973 3008 1085 3068 faceret
1108 3008 1187 3084 qnod
1210 3009 1300 3074 faci-7

339 3255 354 3301 9.
373 3265 539 3304 commorare
552 3248 584 3303 V.
641 3254 657 3303 8
676 3249 863 3303 abscindenda
881 3249 924 3302 ed.
981 3250 1087 3303 chau
1099 3248 1125 3302 V
1142 3250 1187 3303 bic
1202 3249 1246 3303 ed.

266 3325 301 3372 10
321 3321 505 3388 appellatione
522 3320 548 3374 V
565 3322 616 3375 boc
634 3337 697 3389 app.
718 3319 761 3375 ed.
778 3323 782 3387 Ι
805 3325 831 3373 et
848 3320 886 3374 ad
904 3320 992 3374 baum
1005 3319 1031 3373 V
1050 3319 1092 3373 ed.
1112 3320 1150 3373 ad
1169 3319 1223 3374 del.
1238 3320 1282 3373 ed.

263 3394 352 3459 post:
371 3392 542 3447 uabulcruru
555 3409 614 3446 nos.
631 3392 636 3463 Ι
652 3391 768 3446 mmsis
782 3390 815 3443 de
829 3390 854 3444 V
868 3398 893 3445 et
906 3389 1040 3459 interpos.
1050 3390 1094 3444 ed.
1151 3396 1185 3443 14
1204 3391 1283 3444 aliud

263 3461 291 3514 V
310 3480 398 3517 usurum
416 3462 459 3516 ed.
524 3468 558 3517 18
576 3463 676 3518 montis
693 3462 726 3516 V.
792 3466 826 3514 19
844 3463 944 3516 robora
960 3462 1091 3529 [cottidie
1109 3460 1136 3514 V
1153 3478 1175 3514 r.
1190 3461 1296 3527 fludio-

263 3530 462 3600 HOUfiasr'b'a
471 3533 528 3589 ed:
548 3550 603 3588 non
617 3534 672 3588 hoo
682 3533 772 3587 solum
786 3534 957 3601 corruptum,
967 3532 1054 3585 etiam
1066 3532 1221 3600 provolvere
1234 3536 1281 3587 etc.

263 3604 386 3674 abrupte
405 3605 548 3659 adiectum
563 3606 616 3659 est:
635 3604 755 3659 fortasse
770 3604 825 3659 sic:
844 3620 925 3659 cruos
938 3618 1043 3672 quoque
1055 3609 1088 3657 ut
1100 3604 1200 3657 robora
1212 3602 1284 3668 fucit

263 3675 357 3741 caedi,
381 3694 451 3745 puae
469 3682 584 3745 propter
606 3676 728 3743 effectius
749 3676 792 3730 rei
813 3675 929 3731 Traiecti
945 3674 1114 3741 deiciebaut;
1142 3673 1283 3729 adactum

263 3747 568 3874 ‘mmmlmtm
585 3748 669 3871 etc.d
702 3753 736 3801 26
750 3753 787 3871 {aab
803 3744 1040 3873 amigo?
1058 3745 1102 3801 ed.
1172 3750 1205 3800 2⁷
1224 3760 1283 3800 nou

263 3834 311 3873 cer
409 3836 514 3874 ecum
529 3833 618 3889 arpos.
634 3834 649 3873 e
671 3860 676 3872 .
1029 3861 1035 3872 .
