3250 4350
663 412 846 468 Aruernos
864 412 891 468 11
1226 414 1289 485 185

266 555 440 641 volentibus
460 581 648 656 attributum,
666 584 777 641 crimen
800 601 861 642 non
879 583 934 656 est,
952 584 979 641 si
997 600 1134 642 concesso
1154 587 1288 660 tempore

267 669 446 729 dormiatur.
480 673 513 730 in
535 673 645 730 soumis
661 689 728 730 ecee
746 675 813 730 aute
831 670 928 730 oculos
946 674 1156 732 maestissimus
1172 673 1342 732 Hectorem

266 761 354 818 uisus
376 759 478 819 edesse
499 761 571 818 mibi
593 760 746 834 turpesque
769 762 917 842 effmrdere
938 763 1038 832 fletus:
1067 756 1119 820 hic
1137 761 1289 839 Vergilius

266 851 385 907 tractet
406 868 467 908 non
484 866 580 923 verus,
598 849 650 908 sed
671 849 842 912 verisimilis
859 849 1007 926 imagines
1025 849 1130 924 videri,
1149 869 1216 910 cum
1235 851 1288 910 uli·

240 956 349 1012 squce
378 936 594 996 dormientibus
627 938 798 998 offeruntur.
852 937 963 998 idcirco
995 938 1071 998 dixit
1103 958 1138 997 ex
1170 939 1288 999 Aeneae

268 1045 400 1103 persone
426 1027 507 1086 visus
535 1026 650 1101 edesse,
678 1029 750 1103 quie
776 1026 890 1086 Hector
916 1028 964 1086 illi
990 1047 1049 1087 non
1076 1046 1165 1087 verus
1192 1048 1288 1105 neque

267 1117 336 1190 ipse
360 1117 413 1190 qui
435 1115 502 1189 filit,
525 1115 577 1174 sed
600 1117 771 1175 verisimilis
794 1117 876 1175 visus
900 1119 953 1175 est.
998 1117 1106 1193 incipit
1127 1119 1189 1175 iem
1213 1119 1288 1176 imu-

267 1204 389 1282 ginatio
408 1205 488 1280 ipse:
511 1204 669 1280 descripsit
686 1206 787 1265 tristia
811 1207 913 1270 omnia
936 1208 1026 1280 utque
1050 1205 1174 1265 adverse
1197 1207 1287 1285 signi·

267 1293 377 1368 ficans,
409 1296 554 1368 maestus,
584 1295 698 1369 inquit,
731 1296 790 1353 fuit
822 1295 981 1372 largosque
1012 1294 1100 1354 fletus
1131 1294 1288 1354 videbetur

227 1402 254 1442 ro
268 1381 430 1442 effundere.
479 1387 616 1457 reptatus
647 1384 734 1457 bipes,
766 1386 799 1441 ut
829 1385 990 1457 quondum,
1023 1388 1140 1456 uterque
1171 1389 1288 1444 cruento

262 1472 392 1545 puluere
417 1488 529 1545 perque
552 1473 644 1545 pedes
671 1475 808 1532 traiectus
835 1473 900 1531 lora
927 1475 1075 1541 tumeutis,
1102 1475 1339 1545 squuleuumeu

270 1561 398 1619 barbam
420 1565 447 1618 et
464 1565 607 1620 eourretos
629 1564 774 1636 sarmuiue
796 1564 887 1620 ermis
908 1562 1087 1634 uulneraque
1109 1562 1161 1620 illu
1185 1580 1288 1635 percus

269 1666 349 1724 quoe
363 1684 367 1689 -
380 1651 489 1708 circum
515 1651 651 1724 plurime
680 1668 780 1710 muros
811 1653 922 1724 aceepit
946 1653 1077 1723 patrios:
1113 1670 1218 1728 gerens
1250 1651 1287 1711 ed

270 1737 376 1796 omnia
397 1740 541 1815 pertinet,
564 1741 599 1798 ut
621 1740 661 1800 sit
685 1740 871 1815 squalentem
893 1739 1017 1798 barbam
1040 1758 1144 1816 gerens
1168 1743 1199 1798 et
1221 1759 1288 1800 con-

227 1847 255 1888 ιο
268 1817 369 1889 cretos
398 1829 544 1904 sangiune
572 1830 662 1888 crinis
689 1846 794 1906 gerens
817 1829 1001 1903 vulneraque
1023 1829 1077 1886 ille
1099 1825 1218 1905 gerens,
1246 1833 1287 1902 ut,

269 1916 393 1996 etiamsi
415 1916 492 1974 nihil
515 1917 613 1976 verbis
636 1919 813 1992 nuntiasset,
836 1917 1007 1976 coniectura
1029 1917 1220 1995 colligeretur
1242 1919 1286 1976 fu-

267 2008 357 2065 neste
376 2006 563 2081 portendere,
581 2009 688 2082 utpote
712 2026 787 2081 quae
811 2009 909 2064 essent
927 2007 1010 2080 victi,
1026 2007 1124 2079 occisi,
1138 2009 1234 2066 tristis
1253 2026 1288 2067 uc

267 2094 394 2154 sordidi.
425 2095 502 2153 ultro
520 2098 593 2167 fleus
612 2098 673 2168 ipsc
690 2097 811 2154 uidebar
826 2096 989 2169 conpellere
1001 2098 1100 2154 uirum
1113 2100 1140 2154 et
1152 2100 1340 2156 maustauron

268 2202 439 2259 expromere
461 2202 556 2244 voees:
578 2203 645 2244 ecce
669 2188 699 2244 et
721 2186 770 2244 hic
793 2185 906 2245 adserit
928 2188 1018 2259 poeta
1039 2204 1099 2244 non
1120 2205 1206 2245 veras
1225 2205 1287 2246 esse

228 2294 254 2333 ro
267 2276 432 2349 imagines,
456 2274 507 2333 sed
529 2274 699 2334 verisimilis
723 2293 800 2349 quae
823 2275 964 2334 videntur
985 2276 1017 2334 in
1040 2276 1160 2333 somnis.
1206 2276 1286 2333 deni·

269 2382 328 2438 que
356 2381 419 2421 non
447 2362 522 2421 dixit
549 2363 665 2423 Aeneas
693 2363 763 2420 flevi
790 2366 844 2422 cut
869 2364 987 2422 loeutus
1017 2383 1095 2437 sum,
1128 2364 1180 2423 sed
1206 2366 1287 2424 visus

268 2470 334 2510 sum
364 2452 441 2509 mibi
468 2451 537 2511 flere
564 2453 613 2512 vel
641 2452 737 2527 loqui,
765 2453 866 2518 tristia
892 2454 956 2512 sine
985 2453 1088 2526 dubio,
1118 2453 1190 2527 quic
1216 2454 1287 2515 telis

267 2558 399 2615 persone
421 2539 580 2599 ridebatur
602 2541 729 2601 adstare.
766 2559 783 2600 o
806 2543 858 2600 tue
879 2542 1065 2610 Dardaniae,
1087 2559 1187 2614 spese
1205 2543 1287 2613 fidis-

266 2631 347 2689 sima
372 2629 525 2698 Teucrum,
549 2648 623 2703 quae
645 2635 744 2690 tautae
766 2635 882 2689 tenuere
903 2632 1022 2689 morae?
1051 2632 1157 2703 quibus
1179 2630 1288 2689 Hector

225 2739 252 2779 25
268 2718 304 2777 ob
333 2720 395 2777 oris
425 2722 567 2792 expectate
593 2721 694 2779 cereis?
721 2724 755 2777 ut
776 2724 802 2778 te
819 2724 889 2793 post
910 2721 1004 2778 mulla
1026 2726 1143 2777 tuorum
1169 2715 1287 2793 fu'ueru,

261 2811 334 2881 post
346 2809 447 2867 curios
465 2809 669 2883 hominumque
687 2808 825 2881 urbisque
843 2809 956 2867 labores
975 2808 1080 2881 defessi
1098 2810 1278 2881 aspicimus?
1288 2816 1340 2863 285

261 2914 345 2970 quae
374 2914 466 2955 cause
487 2896 611 2971 tudtpua
633 2914 750 2957 serenos
771 2898 901 2970 foedavit
922 2897 1040 2955 cultus?
1068 2902 1121 2956 eut
1143 2916 1195 2955 eur
1217 2900 1287 2957 beer

265 2986 396 3044 vulnero
418 2986 522 3048 cerno?
544 2987 594 3044 ille
615 2987 690 3046 utha
711 3004 763 3045 uec
782 3005 828 3045 mc
846 2990 1030 3060 quaerentem
1047 3005 1127 3046 eume
1144 2991 1285 3055 moratur,

265 3074 320 3133 sed
340 3076 472 3148 praviter
489 3078 614 3149 pemitus
636 3078 695 3134 imo
718 3076 887 3150 depectere
909 3076 1031 3134 duceres:
1063 3095 1193 3135 errorem
1209 3077 1286 3136 dor·

222 3186 252 3226 so
266 3164 391 3222 mientis
419 3162 516 3223 voluit
542 3166 634 3239 poeta
660 3163 838 3239 describere,
865 3165 902 3222 ut
925 3164 1003 3239 quod
1027 3164 1138 3240 optime
1162 3169 1287 3225 noverat

268 3252 358 3327 quasi
382 3252 498 3311 nescius
521 3254 729 3331 interrogaret,
752 3253 858 3313 deinde
881 3272 916 3312 oo
943 3256 1077 3328 tempore
1105 3273 1164 3328 quo
1192 3257 1286 3313 muni-

265 3340 346 3399 festo
369 3340 539 3400 discrimine
562 3342 729 3416 tenebatur,
747 3360 782 3400 eo
804 3346 938 3418 tempore
962 3362 1021 3418 quo
1044 3361 1104 3401 non
1127 3343 1166 3401 ad
1187 3345 1286 3402 inanis

266 3429 401 3502 subules,
429 3429 480 3489 sed
507 3431 545 3488 ed
572 3431 785 3490 insinuandum
811 3432 968 3490 interitum
991 3431 1099 3490 Troiae
1123 3434 1154 3489 et
1176 3432 1213 3489 ud
1237 3450 1286 3489 er-

267 3567 313 3573 .-—
316 3566 484 3574 *—

341 3658 358 3707 8
378 3654 521 3722 descripsit
539 3653 561 3707 L
581 3653 710 3709 describit
726 3654 751 3707 R
769 3653 886 3709 descrebi
902 3672 917 3707 r
934 3660 960 3708 et
978 3654 1130 3709 describens
1148 3654 1191 3708 ed.
1212 3655 1217 3722 Ι
1236 3653 1286 3707 tri·

264 3726 348 3781 stitia
366 3723 420 3778 LR
438 3726 563 3780 tristior
582 3725 625 3779 ed.
709 3731 741 3779 11
760 3740 856 3778 versus
871 3730 1013 3779 274-276
1031 3726 1202 3796 bei—ipris
1218 3724 1287 3777 lem·

265 3795 341 3851 muti
359 3795 481 3850 inseruit
499 3795 542 3851 ed.
562 3796 666 3851 desunt
683 3796 713 3849 in
731 3795 784 3849 Lit
801 3811 894 3881 neque
912 3795 1096 3865 explicentur.
