3250 4350
703 403 885 460 AENEIDOS
903 404 943 458 HI
1269 403 1335 468 303

317 580 443 648 apparet
468 577 558 648 fluctu
584 592 739 634 uemorosa
761 574 926 648 Zaeputleos
946 573 1174 646 Dulicbimuaue
1195 573 1337 646 Sameque

317 668 345 724 et
366 664 485 723 Neritos
507 666 605 724 arelua
628 666 720 724 sauia.
765 663 976 722 nonnullarum
999 663 1164 721 insularum
1190 681 1251 720 non
1277 663 1338 720 fuit

317 771 435 813 necesse
463 752 561 812 fecere
588 753 783 826 mentionem,
810 753 1005 811 inveniuntur
1032 753 1111 809 enim
1141 769 1203 811 esse
1236 769 1336 827 super-

315 843 409 916 fluae,
442 842 493 901 sed
521 842 560 900 ad
587 841 768 901 necessarias
795 843 896 901 venire
923 858 985 899 non
1012 842 1125 916 potuit,
1157 841 1216 898 nisi
1244 842 1337 899 etiam

284 952 300 992 5
315 932 387 990 illas
401 933 535 990 narratio
550 933 724 990 contineret.
756 932 911 1004 effupimus
924 929 1056 1004 suptus
1068 930 1198 997 Ithacae,
1211 929 1337 988 Laertia

315 1037 424 1093 repua,
454 1024 481 1079 ct
507 1025 617 1079 terram
644 1020 774 1079 altricem
805 1022 888 1079 saeui
917 1035 1087 1078 execramur
1119 1019 1224 1078 Uliais.
1271 1036 1337 1077 ecce

316 1111 456 1185 pervenit
483 1109 521 1167 ad
550 1129 616 1168 eam
643 1128 749 1167 revera
777 1127 869 1183 quam
896 1127 928 1167 se
958 1126 993 1167 ac
1025 1126 1094 1167 suos
1126 1107 1338 1186 gratulabatur

316 1200 462 1272 evasisse3
495 1199 554 1257 fuit
581 1200 662 1257 enim
689 1198 807 1257 hostilis
837 1200 867 1255 et
890 1215 966 1272 qnae
989 1196 1107 1255 Ulixem
1130 1196 1338 1256 saevissimum

316 1288 470 1345 nutrisset.
515 1305 582 1346 mou
610 1292 636 1346 et
658 1287 808 1346 Leucatae
834 1287 968 1345 uimbosa
995 1288 1149 1346 cacumina
1173 1287 1281 1345 montis
1303 1289 1390 1343 etilo

271 1398 301 1437 ro
316 1376 495 1450 formidatus
517 1379 618 1436 uautis
641 1377 773 1450 aperitur
795 1372 911 1448 Apollo.
956 1373 1051 1450 [tuuc
1068 1377 1197 1449 petimus
1218 1376 1290 1448 fessi
1312 1378 1339 1433 et

311 1482 430 1538 paruae
461 1466 642 1525 succedimus
673 1466 754 1533 urbi,
787 1482 897 1524 aucoua
924 1466 960 1524 ele
981 1482 1078 1537 prora
1106 1467 1227 1532 iacitur,
1259 1467 1339 1523 staut

316 1556 403 1613 litore
424 1553 567 1630 puppes]
611 1554 752 1614 ridentur
777 1553 852 1612 haec
875 1573 942 1612 oum
965 1554 1068 1629 aliqua
1089 1555 1206 1613 ratione
1228 1555 1337 1628 posita,

317 1644 405 1718 quia,
435 1662 501 1702 cum
524 1646 602 1702 esset
624 1642 823 1702 formidabilis
845 1644 959 1715 nautis,
981 1643 1046 1702 illic
1069 1642 1205 1716 Troiani,
1228 1642 1336 1719 fatiga-

316 1733 412 1792 tionis
440 1732 615 1791 necessitate
646 1733 783 1808 conpulsi
810 1751 878 1792 cum
904 1734 1063 1807 ponerent,
1092 1735 1270 1807 oportunam
1292 1751 1337 1788 re-

273 1841 303 1883 15
317 1823 481 1880 sectionem
503 1821 680 1895 habuerunt,
702 1841 796 1896 usque
820 1821 894 1880 adeo
917 1823 952 1879 ut
974 1821 1021 1879 his
1045 1824 1076 1878 et
1097 1821 1226 1879 facultas
1248 1822 1337 1878 sacri-

317 1910 429 1970 ficandi
448 1910 505 1969 diis
525 1913 692 1970 occurreret
710 1913 742 1970 et
759 1912 791 1968 in
809 1910 953 1969 honorem
970 1908 1130 1986 Apollinis,
1149 1911 1232 1968 cuius
1251 1911 1338 1969 tanta

316 1999 463 2064 beneficia
486 1999 665 2074 habuerunt,
688 1998 767 2058 ludis
792 1997 961 2057 exercendis
984 1999 1107 2056 daretur
1129 2000 1254 2056 occasio
1292 1998 1337 2057 id-

317 2090 398 2147 circo
422 2089 524 2162 posuit
547 2106 612 2162 erpo
635 2091 788 2162 imperata
809 2089 926 2146 taudem
944 2088 1046 2147 tellure
1058 2090 1145 2160 potiti
1164 2087 1337 2146 lustramur-

317 2195 373 2251 que
382 2178 450 2236 Ioui
462 2181 591 2252 uotisque
604 2180 786 2237 incendimus
800 2195 873 2237 aras
881 2175 1025 2251 Actiaque
1033 2178 1143 2236 Iliacis
1152 2178 1328 2237 celebramus
1339 2184 1390 2233 280

274 2287 303 2327 ro
317 2269 407 2326 litora
425 2266 513 2326 ludis.
542 2265 690 2343 [exerceat
702 2269 824 2342 patrias
841 2268 901 2325 oleo
920 2267 1031 2326 labcute
1044 2267 1215 2340 palaestras
1232 2268 1337 2325 uuilati

316 2359 402 2424 socii,
430 2359 515 2415 iuuat
541 2359 667 2416 euasisse
693 2361 734 2415 tot
759 2358 843 2415 uubis
865 2354 1022 2431 Aepolicas
1048 2357 1212 2428 mediosque
1234 2356 1338 2429 fupam

316 2447 445 2504 teuutsse
467 2463 524 2518 per
545 2444 667 2521 bostisJ:
698 2445 812 2504 dictum
835 2448 881 2505 est
902 2447 964 2505 iam
987 2462 1063 2521 quae
1086 2446 1178 2504 fuerit
1199 2443 1337 2503 ludorum

317 2552 417 2608 causa,
436 2534 509 2594 dicit
529 2553 646 2609 quoque
666 2535 778 2610 qualeS,
798 2555 836 2593 ne
855 2534 892 2593 ob
910 2536 1060 2593 luxuriem
1078 2535 1153 2593 facti
1170 2534 1337 2607 rideantur,

316 2624 390 2699 quia
414 2624 502 2682 victis
525 2625 556 2681 et
577 2624 656 2681 male
677 2623 941 2701 peregrinantibus
964 2643 1026 2683 non
1049 2623 1232 2699 congruebat
1255 2640 1336 2681 exer·

274 2732 301 2772 aa
317 2730 384 2770 cere
408 2712 543 2787 vulgaris
567 2715 597 2770 et
618 2713 725 2788 turpis.
765 2731 855 2771 causa
877 2715 973 2789 igitur
990 2710 1235 2770 celebrandorum
1252 2711 1337 2769 ludo-

315 2821 384 2859 rum
413 2801 473 2858 fuit
501 2820 577 2875 quae
605 2805 650 2861 est
677 2802 878 2861 sacrificandi:
914 2804 1000 2860 iuvat
1028 2802 1156 2860 evasisse
1183 2803 1230 2859 tot
1254 2800 1336 2859 urbis

316 2889 477 2966 Argolicas
504 2889 676 2966 mediosque
704 2891 810 2968 fugam
837 2892 968 2949 tenuisse
986 2909 1049 2965 per
1076 2890 1184 2962 hostis3
1222 2908 1258 2948 ao
1284 2909 1339 2964 per

316 2979 375 3037 hoc
398 2981 589 3037 conservatae
613 2980 720 3038 salutis
744 2980 909 3056 gratulatio
932 2979 999 3053 fuit,
1019 2980 1099 3054 quod
1116 2978 1236 3037 hostilis
1254 2980 1338 3037 urbis

316 3067 527 3143 magnitudine
540 3069 673 3143 potentis
688 3071 718 3125 et
736 3087 824 3144 quam
845 3069 990 3143 plurimas
1008 3087 1132 3127 numero
1150 3069 1211 3126 tuti
1230 3069 1338 3127 securi-

271 3178 302 3220 ao
317 3176 377 3232 que
400 3158 586 3215 transissent.
632 3156 692 3232 ipsi
715 3176 833 3232 quoque
856 3158 921 3214 ludi
944 3158 1151 3216 convenientes
1177 3158 1254 3216 viris
1278 3157 1337 3214 for·

316 3245 414 3317 tibae,
447 3247 596 3319 exercent,
629 3246 742 3320 inquit,
774 3246 889 3321 patrias
923 3246 987 3305 oleo
1019 3246 1139 3305 labente
1171 3246 1337 3320 palaestras

315 3335 427 3394 nudati
463 3334 544 3393 socii.
593 3336 626 3392 in
657 3334 710 3393 illo
744 3333 913 3410 spectaculo
948 3337 1072 3393 virtutis
1109 3336 1168 3392 fuit
1204 3334 1338 3408 artisque

393 3508 406 3555 1
432 3503 616 3571 duliciumque
636 3502 696 3557 La.
727 3506 730 3572 Ι
764 3503 890 3571 fameque
912 3504 945 3557 R.
1038 3510 1052 3556 6
1076 3506 1199 3557 cultricem
1222 3503 1282 3555 th.

318 3581 353 3628 10
372 3576 535 3627 huuc-12
551 3592 659 3643 puppes
679 3575 758 3627 deest
772 3575 805 3627 iu⁴
816 3575 877 3641 Lle,
892 3575 942 3629 aed
956 3574 1120 3643 explicatur.
1177 3580 1210 3627 12
1229 3575 1338 3629 uidetur
1402 3571 1404 3577 ’

316 3646 371 3699 LR
391 3661 461 3698 corr.
481 3644 523 3697 ed.
625 3650 658 3698 15
678 3646 721 3699 bio
738 3645 759 3698 L
778 3647 822 3700 bic
840 3645 872 3699 R.
971 3652 1005 3699 20
1025 3651 1234 3701 carmem—22
1254 3646 1338 3699 bostis

315 3715 420 3771 addidi
444 3715 542 3769 eadem
565 3716 666 3769 ductus
685 3716 795 3771 ratione
815 3732 871 3785 qua
891 3724 914 3784 1,
929 3723 971 3771 it.
1081 3723 1115 3770 23
1134 3718 1267 3771 luaouicm
1285 3714 1339 3768 th

316 3789 459 3844 liiuuriem
476 3804 491 3839 r
509 3788 592 3843 uiam
611 3788 654 3842 ed.
728 3794 760 3840 32
780 3791 953 3857 expectaculo
971 3789 1004 3843 R.
