3250 4350
354 413 395 476 76
631 412 771 467 ΒΟΝΑΤΙ
788 413 957 467 INTERPR.
977 411 1084 468 VERG.

354 582 435 657 quod
463 584 563 640 autem
592 585 636 640 ait
663 601 781 657 caecus,
806 602 866 642 non
890 583 928 641 ad
951 602 1070 658 corpus,
1098 581 1150 642 sed
1178 581 1217 641 ad
1240 583 1365 641 animum

353 670 558 748 Pygmalionis
589 672 789 731 revocandum
823 676 883 747 est3
922 674 1051 731 avaritia
1082 673 1163 730 enim
1193 674 1311 731 tractus
1339 673 1367 728 in

353 760 465 820 scelera
492 779 553 819 non
581 761 781 820 consideravit
808 761 881 836 quid
908 763 1020 821 faceret
1047 761 1096 821 vel
1123 762 1157 818 in
1180 780 1271 836 quem
1294 755 1366 840 [ubi]

353 850 402 909 vel
425 868 484 925 quo
507 851 539 908 in
562 850 627 909 loco
651 854 704 909 aut
728 849 838 926 quibus
861 851 1076 926 praesentibus.
1113 851 1169 910 hoc
1186 850 1254 909 loco
1269 849 1368 927 Vergi-

353 939 412 998 lius
436 939 522 998 docet
544 939 619 996 nihil
643 940 740 999 sancti
763 958 826 998 esse
850 940 930 1015 apud
954 957 1003 998 eos
1027 958 1101 1015 quos
1120 939 1288 1015 possederit
1305 954 1395 997 ava-r

353 1027 438 1101 ritia3
461 1028 539 1088 hanc
559 1030 636 1086 enim
656 1029 698 1088 sic
717 1028 830 1102 definit,
849 1031 956 1088 satiari
973 1048 1034 1087 non
1052 1046 1147 1103 posse,
1165 1028 1225 1087 nisi
1244 1029 1370 1087 humana

354 1119 385 1175 et
408 1116 510 1175 divina
533 1119 599 1175 iura
623 1117 735 1175 fuerint
758 1118 880 1177 violata.
927 1136 1023 1193 neque
1046 1136 1108 1176 uno
1130 1118 1197 1176 loco
1220 1117 1305 1192 haec,
1325 1115 1371 1176 sed

354 1207 493 1282 plurimis
516 1208 626 1281 posuit,
650 1206 860 1266 crudelitatem
883 1210 973 1281 atque
998 1207 1159 1266 avaritiam
1182 1206 1371 1265 nullomodo

354 1313 440 1370 posse
463 1314 482 1352 a
506 1313 536 1354 sc
561 1295 696 1354 discerni.
743 1295 881 1371 denique,
903 1299 939 1354 ut
961 1295 1074 1354 dictum
1097 1298 1155 1370 est,
1178 1300 1210 1354 et
1232 1295 1372 1371 Polydori

355 1384 490 1459 exemplo
518 1384 575 1442 hoc
600 1385 680 1443 idem
708 1385 824 1461 docuit3
860 1404 919 1444 non
948 1386 1028 1444 enirn
1056 1387 1134 1445 esset
1161 1385 1290 1460 occisus,
1318 1385 1398 1443 nisio

355 1474 421 1530 auri
440 1472 589 1547 cupiditas
608 1474 735 1532 crudelis
753 1473 883 1533 hominis
902 1474 1060 1533 saevitiam
1078 1476 1286 1550 provocasset3
1304 1475 1372 1533 item

355 1562 416 1621 alio
430 1562 496 1620 loco
516 1555 560 1641 (6,
572 1555 650 1642 621)
666 1564 813 1622 avaritiae
829 1564 937 1622 scelere
955 1562 1107 1638 proditam
1124 1562 1257 1638 patriam
1275 1564 1373 1638 posuit

356 1650 480 1710 dicendo
500 1651 651 1725 „vendidit
669 1652 718 1709 hic
736 1671 809 1710 auro
828 1650 985 1727 patriam“.
1017 1669 1138 1711 securus
1155 1669 1294 1710 amorum
1314 1670 1373 1726 yer-

355 1758 476 1798 manoe:
513 1740 613 1799 omnia
645 1742 774 1818 augendi
806 1743 939 1800 criminis
973 1760 1061 1800 causa
1097 1741 1265 1818 conscripta
1295 1744 1372 1812 sunt3

355 1831 441 1887 tanto
465 1831 544 1888 enim
568 1830 739 1888 sceleratior
761 1834 881 1889 tenetur
902 1830 1084 1906 Pygmalion
1107 1833 1220 1904 quanto
1247 1830 1399 1889 certissi-rs

355 1936 421 1976 mus
449 1917 548 1977 fuerat
575 1914 653 1977 nihil
680 1919 829 1978 Didonem
857 1920 892 1978 de
920 1921 1013 1978 fratre
1043 1937 1207 1978 sensuram.
1253 1919 1373 1994 perinde

356 2026 416 2065 non
444 2010 509 2065 erat
536 2007 658 2084 ignarus
687 2009 716 2066 in
746 2009 807 2067 tale
837 2009 931 2067 scelus
960 2027 991 2067 se
1020 2026 1158 2066 casurum
1180 2007 1274 2067 fuisse
1299 2006 1374 2083 quod

356 2116 393 2154 ne
417 2097 448 2152 in
472 2098 671 2171 suspicionem
695 2097 816 2171 quidem
839 2097 940 2156 venire
964 2097 1093 2155 deberet.
1134 2098 1374 2170 factumquediu

357 2186 473 2244 celauit:
506 2188 667 2245 occultatio
696 2188 771 2246 facti
797 2191 867 2263 post
894 2187 1057 2245 admissum
1084 2188 1185 2246 fuerat
1209 2188 1374 2246 necessaria
1414 2199 1415 2257 j

356 2277 480 2350 propter
507 2276 656 2351 duplicem
684 2295 818 2349 causam,
847 2295 974 2351 quarum
997 2296 1057 2334 una
1080 2278 1139 2333 fuit
1162 2296 1198 2334 ne
1221 2276 1415 2351 publicatos*

357 2364 484 2439 Sychaei
507 2364 632 2422 interitu
655 2366 694 2423 ad
718 2370 870 2424 auctorem
889 2366 1007 2424 sceleris
1027 2366 1129 2439 aliqua
1147 2367 1197 2423 via
1216 2368 1374 2436 veniretur,

357 2455 453 2511 altera
481 2454 553 2528 quia
581 2454 743 2513 invadendi
770 2455 802 2512 in
826 2456 1002 2513 thensauros
1026 2454 1141 2513 occasio
1164 2454 1322 2531 interibat,
1345 2455 1375 2526 si,

357 2545 519 2617 antequam
544 2562 616 2602 auro
640 2545 797 2618 potiretur,
820 2543 904 2602 cuius
930 2543 1057 2618 cupidus
1084 2546 1131 2601 tot
1159 2563 1189 2602 se
1218 2543 1375 2603 sceleribus

356 2633 538 2705 involverat,
567 2632 603 2691 de
631 2651 701 2690 nece
728 2632 858 2690 hominis
887 2635 917 2690 et
943 2632 978 2691 de
1002 2635 1122 2691 auctore
1146 2635 1309 2692 constaret.
1354 2636 1376 2688 rt

358 2738 476 2793 ecyrum
503 2722 597 2779 inulta
623 2722 721 2779 mulus
748 2722 894 2779 simulans
920 2739 1000 2779 euna
1031 2738 1082 2794 spe
1113 2722 1184 2779 lusit
1216 2727 1406 2781 emanare

358 2810 519 2867 sollicitam
541 2810 732 2868 vehementer
755 2810 790 2868 de
815 2812 897 2868 statu
920 2809 1119 2869 amantissimi
1142 2812 1280 2888 coniugis
1300 2829 1375 2869 soro-

357 2917 420 2955 rem
448 2917 533 2956 suam
561 2900 723 2973 conpositis
750 2919 805 2973 per
833 2900 934 2958 dolum
962 2898 1125 2958 mendaciis
1150 2899 1280 2959 fallebat
1302 2899 1376 2976 Pyg-

357 2987 483 3061 malion,
517 2985 609 3045 donec
641 2989 700 3062 ipsi
733 2990 825 3046 etiam
857 2990 995 3046 incautae
1027 2989 1205 3047 thensauros
1237 2990 1376 3048 auferret.

357 3079 424 3149 ipsc
452 3076 503 3134 ced
530 3078 563 3133 ic
590 3079 699 3135 sorrecis
726 3078 873 3135 inhumati
899 3080 977 3135 uenit
1003 3079 1099 3150 imupo
1128 3079 1274 3151 conlucis:
1309 3079 1377 3153 quia

357 3184 454 3239 neque
478 3166 607 3239 suspicio
631 3166 662 3222 in
685 3165 913 3242 Pygmalionem
935 3165 1019 3223 tendi
1042 3169 1162 3241 poterat
1184 3170 1310 3242 propter
1328 3166 1376 3225 ad·
1389 3181 1410 3223 uo

357 3254 483 3312 finitatis
517 3272 635 3312 causam
668 3275 763 3329 neque
796 3256 918 3313 extabat
947 3254 1055 3330 aliquis
1084 3274 1194 3332 gnarus
1222 3256 1299 3315 facti
1327 3256 1378 3330 qui

430 3449 445 3494 3
464 3445 514 3496 ubi
528 3442 580 3494 LR
595 3443 637 3495 ed.
654 3442 781 3510 spurium
796 3445 874 3511 puto.
941 3447 974 3494 10
992 3443 1114 3510 eaeurplo
1128 3442 1181 3495 LR
1199 3444 1286 3497 emitto
1300 3444 1342 3497 ed.

360 3519 392 3565 17
412 3531 468 3567 coa
487 3520 547 3567 erut
564 3515 681 3583 epicurus
700 3514 751 3565 LR
774 3514 893 3583 teucrus
911 3529 964 3565 om.
980 3513 1029 3567 edl
1046 3520 1160 3567 coemat
1178 3514 1295 3582 scripsit
1313 3514 1376 3570 edP.

412 3592 445 3637 2⁶2
475 3587 635 3639 thensauros
659 3585 723 3651 Lu,
752 3584 821 3637 item
848 3585 923 3637 inira
950 3585 981 3636 in
1007 3584 1155 3650 lemmate,
1184 3585 1256 3639 alibi
1279 3587 1342 3640 thes.

354 3662 390 3708 23
412 3658 560 3711 sceleribus
581 3655 634 3709 th
656 3673 684 3710 se
708 3656 771 3710 add.
792 3674 806 3707 r
825 3656 867 3709 ed.
903 3658 906 3723 Ι
941 3656 1057 3724 denique
1079 3657 1200 3711 hominio
1222 3656 1277 3710 LB,
1303 3658 1376 3711 deui-

336 3729 449 3851 quea}
475 3730 631 3785 honrr‘cr'dio
655 3728 701 3785 ed.
727 3730 759 3784 de
783 3744 847 3783 nece
869 3728 1020 3782 hominist
1040 3743 1102 3779 nos.
1174 3733 1209 3781 30
1233 3729 1311 3783 tendi
1327 3727 1377 3781 LR

325 3810 423 3850 essee
447 3845 453 3854 .
