3250 4350
546 458 552 470 ·
654 436 895 493 scrumosus
1142 513 1144 517 Δ
1215 439 1279 503 581
1337 494 1340 502 f

266 627 326 665 non
348 608 462 682 placet,
485 607 547 665 iam
568 607 704 666 recedam
727 608 897 683 expleturus
920 625 1076 666 numerum
1103 599 1207 687 (quem
1230 607 1282 666 ab·
1330 622 1333 633 ·

266 695 362 754 eundo
385 687 549 776 minuerat)
573 699 603 754 et
620 696 750 754 tenebris
770 698 880 756 iterum
898 694 1014 755 reddar.
1049 698 1061 755 c'
1079 696 1174 764 decas,
1192 699 1213 766 t,
1230 713 1282 755 no-

265 790 368 854 strnon,
390 784 558 844 meborc'bns
580 789 660 843 atere
682 787 768 858 satis:
795 803 863 844 cum
891 784 1006 844 duobus
1029 786 1146 844 locutus
1169 788 1215 844 est
1237 785 1281 845 di·

265 892 351 933 verso
383 893 504 950 genere,
535 875 668 950 placavit
699 874 809 933 iratam
836 877 938 933 vatem
969 876 1000 932 et
1030 873 1149 932 Aeneae
1181 874 1282 932 felicia

238 964 385 1039 reptavit
407 964 438 1022 et
459 981 611 1039 prospera,
635 963 686 1022 sed
708 982 820 1041 magna
841 962 989 1022 brevitate
1008 962 1161 1037 sermonis,
1183 981 1220 1021 ne
1238 962 1281 1021 lo·

266 1051 383 1127 quondo
397 1053 535 1128 plurimis
549 1070 648 1111 moras
661 1055 801 1126 necteret
820 1071 895 1127 quas
909 1052 1139 1127 reprehenderat
1157 1050 1281 1128 Sibylla.

332 1141 464 1215 Respicit
484 1141 602 1200 Aeneas
624 1142 718 1200 sabito
742 1145 768 1201 et
784 1143 839 1200 sab
857 1157 932 1217 rape
948 1141 1071 1200 sinistra
1088 1143 1204 1199 ncoeac’a
1221 1142 1283 1200 lata

264 1232 343 1288 otdct
366 1231 473 1303 triptici
495 1231 675 1289 ctrnorndato
698 1247 791 1298 mora
815 1248 890 1304 qaae
911 1231 1037 1304 raptans
1059 1232 1188 1302 dammis
1210 1235 1336 1289 aon-⁶60

265 1320 307 1378 btt
334 1320 509 1377 terrenam
536 1321 633 1377 annis
657 1319 821 1378 Tartareas
846 1319 1019 1394 Pbtepetton
1047 1322 1212 1392 torquetque
1238 1335 1282 1378 so

222 1428 250 1469 ιο
264 1411 373 1466 nantia
404 1426 488 1467 soca.
534 1413 624 1480 porto
656 1409 782 1468 odoesa
813 1410 917 1482 trepens
946 1409 1094 1482 solidoque
1125 1409 1284 1466 momente

265 1497 430 1566 colnnncoe,
461 1498 507 1554 oc's
536 1499 570 1554 nt
594 1497 679 1557 nulla
706 1500 817 1565 circen,
849 1515 909 1556 non
940 1499 999 1570 ipsi
1031 1497 1180 1556 excindere
1212 1497 1283 1556 bello

264 1585 419 1646 caelicolae
436 1586 561 1653 oalcood,
585 1588 644 1645 stat
659 1588 759 1660 ferreo
776 1588 869 1645 torris
882 1587 922 1645 ad
935 1605 1038 1655 caros,
1064 1587 1274 1660 Tisiphoneque
1284 1591 1337 1639 555

263 1674 369 1734 sedens
391 1675 478 1746 polla
504 1677 649 1734 succincta
679 1679 798 1734 noenta
828 1676 1000 1734 oesttbalam
1032 1677 1160 1734 enormis
1187 1679 1283 1734 servat

262 1767 417 1838 noctesque
439 1765 563 1836 aterque.
608 1765 676 1823 binc
699 1765 834 1823 econdin'
858 1766 982 1838 pentae
1009 1767 1036 1823 et
1061 1782 1152 1823 saeco
1178 1781 1284 1823 sonare

218 1873 248 1914 rs
266 1853 398 1921 cerbero,
417 1856 479 1910 tam
496 1853 605 1911 stridor
621 1855 696 1926 ferri
713 1857 878 1925 tractaeque
896 1856 1027 1911 catenae:
1050 1853 1211 1929 descriptio
1225 1853 1284 1912 loci

265 1940 492 2017 quaestionibus
517 1944 547 2001 et
569 1941 724 2017 suppliciis
751 1943 832 2000 recte
859 1941 1049 2000 couveniens:
1076 1961 1147 2000 nam
1169 1943 1284 2018 triplici

264 2049 354 2089 muro
377 2031 477 2089 fuerat
500 2031 627 2104 clausus,
649 2049 686 2088 ue
709 2032 768 2089 reis
790 2029 911 2089 labendi
934 2032 1026 2105 atque
1049 2030 1193 2089 evadendi
1217 2030 1285 2089 sub·

267 2123 348 2179 esset
366 2122 497 2195 occasi03
519 2121 625 2196 portae
644 2121 706 2180 eius
724 2123 789 2179 tem
808 2119 908 2196 durae,
931 2122 995 2179 tam
1013 2119 1115 2196 fortes,
1133 2123 1169 2179 ut
1186 2138 1284 2195 neque

265 2210 399 2269 humana
426 2228 522 2285 neque
550 2209 672 2268 deorum
698 2212 811 2268 virtute
840 2210 974 2285 superari
1001 2211 1136 2286 possent,
1166 2210 1284 2269 etiamsi

220 2318 251 2359 sc
267 2298 342 2356 belli
365 2287 515 2357 certamen
538 2300 689 2373 existeret3
720 2300 821 2358 omnia
842 2299 951 2358 fluvius
978 2300 1127 2358 clauserat
1153 2296 1284 2374 rapidus,

268 2387 348 2447 saxis
372 2389 403 2445 et
425 2387 586 2447 verticibus
609 2387 755 2447 flammeis
778 2390 924 2463 copiosus,
947 2388 999 2463 qui
1022 2388 1145 2446 transiri
1162 2389 1286 2462 propter

267 2476 465 2551 rapacitatem
496 2480 526 2535 et
558 2494 630 2535 saxa
658 2496 735 2553 quae
762 2477 903 2536 volvebat
933 2479 1114 2552 propterque
1146 2474 1285 2534 incendia

266 2583 327 2623 non
350 2568 465 2640 posset3
488 2565 579 2624 turris
602 2565 665 2624 illic
688 2566 748 2624 fuit
770 2566 877 2625 educta
894 2566 926 2622 in
950 2565 1141 2624 altitudinem
1159 2566 1284 2623 nimiam

267 2658 334 2711 tam
356 2653 453 2727 fortis,
476 2657 511 2712 ut
533 2655 637 2713 ferreis
661 2654 740 2715 saxis
763 2656 922 2730 putaretur
944 2657 1092 2729 extructe3
1114 2656 1145 2711 in
1170 2653 1283 2713 foribus
1347 2652 1353 2664 '

221 2762 250 2803 as
267 2742 361 2800 Furia
384 2742 444 2800 luit
465 2760 600 2820 egressus
619 2743 758 2819 diligenti
777 2743 895 2801 cautela
913 2742 1092 2814 custodiens,
1115 2742 1162 2801 die
1181 2746 1284 2801 noetu-

269 2850 327 2906 que
351 2834 490 2890 continue
508 2832 646 2909 pervigil,
668 2831 795 2909 flagellis
814 2824 957 2890 terribilis
981 2835 1011 2890 et
1030 2833 1147 2890 armata
1165 2850 1284 2907 serpen·

267 2920 359 2978 tibus.
405 2919 477 2995 quid
500 2919 564 2979 illic
587 2939 647 2979 non
670 2922 835 2995 cruentum,
857 2939 918 2979 non
936 2922 1023 2980 triste
1042 2939 1105 2980 esse
1128 2922 1285 2997 potuisset,
1344 2921 1347 2928 “

266 3008 322 3067 ubi
348 3009 424 3067 nihil
452 3008 612 3087 gerebatur
639 3008 698 3068 nisi
727 3008 806 3084 quod
837 3012 989 3069 tormenta
1019 3013 1200 3069 monstraret
1231 3013 1285 3068 aut

267 3095 417 3173 poenam?
444 3096 572 3173 denique
595 3099 723 3174 gemitus
746 3101 776 3157 et
799 3100 915 3158 sonitus
938 3099 1094 3157 verberum
1121 3101 1152 3157 et
1173 3101 1283 3157 uaru-

220 3208 251 3249 ao
267 3207 336 3245 rum
360 3189 533 3246 catenarum
556 3186 666 3247 stridor
692 3186 811 3247 auditus
840 3186 912 3263 quid
938 3189 1020 3247 intus
1047 3191 1201 3264 gereretur
1224 3189 1284 3245 evi-

268 3275 442 3336 dentissime
465 3275 634 3335 nuntiabat.
680 3279 805 3335 constitit
827 3276 944 3335 Aeneas
966 3279 1172 3349 stratamque
1195 3281 1284 3335 enter·

267 3368 344 3424 rttns
362 3367 474 3424 bausit:
496 3368 599 3423 tantus
618 3367 650 3423 in
668 3366 722 3423 illo
741 3365 806 3424 loco
825 3368 1041 3423 tormentorum
1060 3367 1202 3440 strepitus
1217 3366 1284 3439 fuit,

266 3457 303 3512 ut
325 3454 443 3512 Aeneas
467 3457 551 3512 extm
568 3454 672 3529 ipsum
694 3455 810 3529 positus
832 3454 909 3512 ferre
932 3456 1082 3529 nequisset
1101 3453 1179 3528 quod
1198 3454 1285 3512 ferie-

342 3606 500 3659 'tsc'neatra
513 3604 547 3658 V.
603 3610 636 3659 18
656 3610 713 3659 tam
725 3604 810 3671 fortes
823 3603 849 3657 V
867 3612 893 3659 et
910 3610 928 3658 t.
943 3605 964 3671 f.
979 3612 1059 3659 erant
1077 3604 1120 3657 ed.
1177 3610 1209 3657 19
1228 3607 1285 3658 oir-

267 3682 339 3730 tntee
357 3674 389 3729 V.
459 3677 494 3729 20'
511 3676 630 3744 rapidae
647 3692 701 3729 om.
716 3675 758 3729 ed.
827 3680 861 3728 24
875 3681 1024 3743 potaretur
1043 3675 1068 3726 V
1085 3675 1222 3730 rideretur
1240 3676 1294 3726 ed.

322 3750 356 3799 29
379 3748 445 3815 post
462 3763 581 3816 poenam
604 3762 653 3801 sex
674 3745 734 3801 fere
756 3744 923 3802 litterarum
948 3746 1083 3817 spatium
1100 3747 1194 3797 uasat
1207 3739 1316 3792 tub*-

265 3817 386 3870 fortasse
402 3818 521 3872 contram
539 3817 665 3875 excidit?
741 3824 776 3875 31
798 3820 1040 3892 entrepidnthne
1051 3816 1097 3870 q,
