3250 4350
698 413 905 506 Palnrn'rlo
1220 413 1310 468 XXIX

287 580 410 641 abbatis
437 601 546 641 nomen
574 583 684 641 saeculi
711 582 794 640 illius
821 601 903 641 more
930 582 1044 641 initiali
1065 585 1184 641 tantum
1207 583 1310 642 littera

289 670 491 749 designatum,
514 689 696 747 quamquem
718 689 766 730 me
784 690 839 746 per
856 671 974 730 litteras
993 673 1116 749 rogatus
1135 673 1183 730 vir
1202 672 1310 730 doctis·

292 761 394 833 simus,
419 759 472 835 qui
495 760 614 820 Servati
635 759 715 835 Lupi
738 761 880 836 epistolas
903 759 998 820 edidit
1022 761 1118 835 1888,
1136 761 1309 821 Desdevises

293 850 333 907 du
350 849 468 922 Deaert,
485 850 518 907 in
536 847 739 908 Arvernorum
758 850 881 909 civitate
898 849 1057 926 professor,
1080 849 1309 928 diligentissima

291 938 523 1016 investigatione
555 937 720 997 liberaliter
751 938 880 1012 adiurit,
913 956 1015 998 eruere
1047 957 1106 997 non
1136 940 1231 1015 potui.
1277 943 1310 997 at

291 1026 394 1102 patrui
422 1029 485 1086 eius
507 1027 623 1085 Aldrici
647 1028 729 1087 aetas
752 1028 841 1104 plane
864 1031 995 1088 constat:
1027 1030 1117 1085 natus
1141 1046 1219 1086 anno
1245 1028 1307 1085 775

291 1116 351 1174 fuit
373 1115 466 1175 abbas
489 1116 663 1176 monasterii
685 1116 892 1191 Ferrariensis,
915 1119 984 1192 post
1006 1115 1167 1174 Alouinum
1192 1118 1309 1189 tertiae,

291 1204 327 1263 ab
357 1223 436 1264 anno
461 1205 523 1263 822
552 1222 645 1280 usque
674 1205 713 1264 ad
740 1224 852 1264 annum
876 1205 954 1279 828,
983 1223 1042 1280 quo
1070 1205 1309 1281 archiepiscopus

291 1292 445 1353 Senonum
468 1293 578 1353 electus
602 1296 656 1368 est,
679 1294 755 1354 obiit
778 1294 853 1353 836.
899 1312 998 1370 quare,
1022 1293 1165 1369 quoniam
1187 1297 1311 1370 propter

288 1383 448 1442 Aldn'cum
471 1382 569 1442 verbis
593 1402 673 1455 „nos
696 1382 764 1459 pius
788 1386 857 1442 11111
877 1381 981 1458 pater“
1000 1382 1189 1442 Ferrariense
1207 1402 1309 1442 mona·

290 1473 420 1532 sterium
442 1470 605 1550 significari
627 1490 746 1532 necesse
769 1474 891 1531 estnec
913 1473 1014 1548 potuit
1036 1473 1177 1530 carminis
1196 1473 1310 1545 auctor,

288 1562 350 1620 nisi
373 1579 425 1620 eos
448 1560 501 1636 qui
519 1564 712 1620 monumento
730 1561 906 1638 inscriptum
925 1562 1057 1638 legerent
1074 1561 1198 1620 mirifice
1219 1561 1310 1620 vellet
1370 1557 1372 1561 ’

288 1650 370 1724 falli,
405 1650 496 1708 verba
524 1649 604 1724 „hic
635 1651 729 1711 situs
760 1648 835 1710 est“
864 1654 894 1709 et
920 1651 1098 1724 „luximus
1126 1648 1243 1708 hunc“
1271 1650 1310 1709 ad

288 1739 374 1798 aliud
408 1739 557 1813 quoddam
584 1741 797 1798 monasterium
825 1739 947 1811 referre,
979 1738 1151 1797 defunctum
1179 1739 1309 1798 eiusdem

288 1827 467 1887 monasterii
498 1827 696 1887 Ferrariensis
731 1827 870 1887 abbatem
901 1828 1003 1903 ibique
1036 1828 1186 1903 sepultum
1218 1830 1309 1887 fuisse

289 1919 428 1993 apparet.
462 1916 494 1974 in
518 1916 639 1976 elencho
663 1917 815 1990 abbatum,
840 1935 928 1991 quem
951 1917 1003 1975 dat
1021 1914 1121 1975 Gallia
1141 1915 1310 1976 Christiana

288 2005 350 2065 vol.
368 2005 429 2064 XII
451 2025 480 2080 p.
502 2006 563 2064 156
580 2023 658 2080 sqq.,
686 2008 756 2065 11111
788 2025 900 2064 annum
931 2007 993 2063 876
1028 2005 1127 2064 nullus
1158 2006 1310 2064 iuvenitur

290 2096 345 2170 qui
377 2113 445 2154 cum
477 2094 596 2152 indiciis
627 2094 768 2153 carminis
800 2098 953 2172 congruat.
1004 2113 1074 2152 nam
1106 2095 1158 2169 qui
1188 2095 1309 2154 Aldrico

290 2187 435 2244 successit
458 2184 536 2258 Odo,
564 2185 622 2243 etsi
644 2202 732 2260 saepe
755 2184 842 2244 Hodo
866 2184 1018 2256 scribitur,
1046 2203 1106 2243 non
1129 2188 1215 2260 „post
1237 2185 1310 2243 felir

289 2271 427 2332 senium“
450 2273 501 2332 sed
523 2274 627 2349 pulsus
647 2292 681 2331 ex
700 2275 874 2333 monasterii
891 2274 1079 2349 praefectura
1097 2292 1151 2348 per
1171 2272 1310 2333 Oarolum

291 2361 420 2421 Calvum
446 2380 548 2439 regem
575 2363 685 2421 amissa
714 2362 860 2440 dignitate
887 2364 1020 2423 decessit.
1066 2363 1144 2421 hunc
1167 2362 1310 2422 Servatus

290 2447 395 2526 Lupus
419 2454 536 2510 secutus
559 2453 808 2526 111842-862,
829 2452 881 2527 qui
903 2453 1022 2510 nomine
1046 2452 1111 2526 ipso
1135 2451 1309 2511 excluditur.

290 2539 345 2598 sed
367 2542 437 2614 post
459 2540 523 2598 eius
546 2539 661 2606 obitum
684 2559 777 2616 usque
801 2541 839 2599 ad
863 2541 1036 2614 Albustum,
1063 2542 1115 2615 qui
1143 2559 1221 2599 anno
1245 2543 1308 2600 876

291 2629 469 2688 monasterii
492 2628 688 2689 Ferrariensis
713 2630 803 2689 abbas
827 2633 1017 2703 memoratur,
1042 2629 1093 2704 qui
1116 2630 1311 2689 successerint

291 2736 400 2793 parum
428 2719 553 2778 constat.
600 2738 670 2795 ergo
697 2720 723 2777 is
752 2738 843 2794 quem
870 2720 1039 2794 quaerimus
1063 2720 1116 2776 aut
1138 2718 1200 2778 illis
1224 2721 1310 2778 annis

292 2807 471 2864 862-875
500 2808 680 2866 monasterio
710 2809 876 2883 praefuisse
908 2810 938 2866 11
971 2807 1128 2867 decessisse
1159 2808 1310 2883 putandus

291 2899 338 2954 est
362 2898 431 2969 aut,
457 2894 490 2953 id
512 2894 592 2971 quod
614 2896 688 2953 mihi
711 2896 832 2971 quidem
854 2897 918 2955 veri
941 2896 1067 2956 similius
1090 2896 1223 2972 videtur,
1247 2896 1310 2971 ipse

291 2985 346 3043 1111
373 2984 518 3043 Albustus
550 2983 650 3043 fuisse.
695 3004 766 3043 nam
794 2989 828 3044 ut
854 3005 909 3061 pro
938 2984 1040 3046 Odone
1069 2984 1155 3044 Hodo
1186 2986 1228 3044 sic
1254 3004 1309 3060 pro

292 3073 423 3132 Albusto
441 3072 607 3132 Halbustus
628 3073 717 3133 scribi
740 3076 849 3149 potuit,
868 3076 951 3134 cuius
974 3075 1103 3134 nominis
1126 3075 1222 3132 forma
1245 3093 1309 3133 cur-

291 3164 360 3220 tata
387 3160 486 3220 Halbo
513 3164 544 3219 in
572 3180 690 3220 versum
723 3163 835 3239 optime
867 3164 1004 3239 quadrat.
1012 3156 1036 3243 ¹)
1083 3163 1197 3221 accedit
1231 3162 1311 3238 quod

292 3251 439 3309 Albustus
461 3250 494 3308 in
513 3250 613 3309 Gallia
633 3249 803 3310 Christiana
826 3253 868 3311 sio
890 3252 1043 3311 laudatur:
1067 3252 1163 3325 „huno
1181 3253 1310 3329 integer-

291 3340 372 3398 rima
398 3340 462 3398 vite
490 3342 520 3397 11
547 3340 691 3416 religione
718 3340 892 3417 incorrupta
920 3340 1159 3399 commendatum
1184 3359 1218 3399 ac
1241 3360 1309 3400 vere

290 3429 390 3504 patris
418 3430 449 3485 11
475 3428 671 3487 moderatoris
698 3430 914 3505 sapientissimi
939 3430 1029 3488 laude
1058 3429 1181 3506 dignum
1210 3430 1310 3489 ferunt

367 3582 393 3648 1)
417 3577 530 3631 Albusti
554 3595 655 3633 nomen
679 3595 712 3633 ex
736 3578 783 3632 alb
808 3582 837 3634 11
860 3580 924 3633 wist
948 3580 1134 3650 compositum
1159 3596 1218 3633 esse
1238 3580 1310 3633 sicut

292 3650 410 3704 Arnueti
429 3648 562 3719 (Ernesti)
582 3666 615 3703 ex
634 3666 684 3703 arn
704 3655 749 3718 (=
764 3650 824 3704 erin
838 3650 937 3720 honor)
956 3654 985 3705 et
998 3651 1062 3705 wist
1076 3650 1314 3707 Foerstemannus

292 3723 323 3776 in
346 3721 704 3800 onomascioopemouieo
721 3722 739 3774 1
752 3741 780 3793 p.
800 3728 832 3778 73
852 3727 881 3780 et
902 3730 974 3783 1621
998 3726 1164 3800 suspicatur
1187 3724 1331 3795 ibamque

283 3808 339 3856 pm
353 3793 476 3841 Amurto
495 3792 580 3841 ecam
598 3790 774 3849 Hamustum
793 3797 924 3858 inveniri
943 3806 1102 3861 memorat.

1390 3809 1404 3843 ,Ι
