3250 4350
526 433 530 444 '
649 479 651 482 ι
672 438 855 493 AENEIDOS
873 439 899 492 11
1230 440 1293 504 177

275 610 452 684 diffcqimas
474 611 540 667 visu
563 625 715 681 eccnpcea
752 608 879 684 pontum
896 611 975 684 pone
991 608 1067 686 legit
1084 609 1116 666 id
1134 612 1180 668 est
1197 611 1304 668 trans.

275 699 383 771 mittit,
406 698 526 771 transit,
549 699 584 755 ut
607 697 667 756 alio
690 697 756 757 loco
781 689 826 778 (3,
846 690 925 777 292)
954 697 1121 773 „litoraque
1143 698 1230 773 Epiri
1252 699 1293 757 le·

275 785 403 865 gimus“,
437 786 516 861 quod
548 789 594 844 est
624 786 830 862 praeterimus.
876 786 956 861 quod
985 789 1084 845 sutem
1112 788 1146 844 in
1175 787 1298 863 reliqua·

276 878 452 935 venientum
480 875 678 950 descriptione
706 879 752 935 est
779 877 873 935 solnm
901 876 958 935 hoc
981 877 1126 950 continet,
1154 878 1226 950 quia
1249 876 1293 934 di·

248 966 372 1026 eversis
391 963 554 1023 terroribus
572 965 671 1023 fuerat
688 965 821 1039 plenum.
850 964 1037 1023 venientibus
1056 983 1126 1023 vero
1145 965 1292 1042 anguibus

277 1055 316 1112 ad
339 1057 453 1112 terram
476 1053 657 1132 diffugimus,
680 1053 788 1129 inquit,
812 1071 971 1130 exangues,
993 1056 1061 1112 visu
1077 1055 1144 1128 ipso
1163 1057 1301 1113 ceaster·

277 1145 356 1201 nati:
380 1143 523 1218 qnoniam
544 1142 582 1200 de
605 1141 751 1220 anguibus
774 1141 963 1217 loquebatur,
986 1142 1106 1217 adlusit,
1125 1145 1160 1200 ut
1182 1143 1293 1201 diceret

276 1232 451 1309 diffugimus
469 1249 626 1308 exangues.
661 1250 809 1308 exangues
827 1233 929 1289 tamen
947 1233 1067 1307 proprie
1086 1231 1293 1308 significantur

277 1323 342 1379 sina
366 1321 526 1396 sanguine,
549 1321 632 1379 calor
649 1323 737 1394 enim,
754 1340 815 1395 quo
834 1325 951 1379 constat
969 1323 1090 1398 sanguis
1108 1323 1142 1378 in
1160 1339 1292 1396 corpore,
1337 1333 1341 1340 ·

238 1429 263 1470 rc
276 1412 303 1468 si
330 1412 430 1468 metus
461 1410 667 1484 intervenerit,
697 1411 750 1484 qui
776 1409 888 1486 frigore
916 1428 989 1468 non>
1003 1414 1097 1483 caret,
1126 1410 1293 1469 excluditur

275 1497 459 1574 perindeque
482 1499 703 1558 convalescente
727 1498 827 1575 gelida
850 1501 988 1573 passione
1007 1501 1194 1557 consumitur
1212 1499 1297 1574 quod

276 1586 403 1646 calebat.
440 1587 486 1646 illi
508 1589 623 1660 aymare
641 1590 716 1646 certo
734 1587 904 1645 Laocoonta
915 1591 1034 1661 petunt:
1057 1607 1165 1665 agmen
1183 1588 1293 1647 dicitur

276 1679 364 1735 actus
392 1678 576 1751 serpentum3
613 1695 716 1736 cursus
743 1678 824 1734 enim
851 1678 882 1734 et
908 1678 968 1734 iter
993 1676 1103 1751 pedum
1130 1680 1188 1754 est,
1216 1696 1292 1752 quos

276 1768 396 1824 constat
418 1782 477 1823 non
501 1764 609 1824 habere
632 1767 793 1840 serpentes,
816 1764 997 1841 perindeque
1022 1767 1211 1841 inproprium
1238 1770 1291 1840 est,

239 1873 263 1913 ss
277 1857 302 1912 si
324 1855 380 1913 hos
405 1854 537 1913 dicamus
561 1853 712 1913 ambulare
738 1855 787 1912 vel
814 1873 939 1913 currere.
985 1853 1157 1913 Laocoonta
1184 1858 1292 1931 petunt

277 1945 357 2002 certo
391 1945 523 2020 agmine,
554 1943 654 2018 ipsum
686 1943 800 2002 scilicet
832 1943 1056 2002 sacrificantem.
1108 1948 1135 2001 et
1159 1946 1292 2016 primum

272 2050 370 2104 porco
399 2033 525 2090 duorwm
552 2048 674 2105 empore
696 2037 834 2090 cetorum
856 2050 976 2105 emmens
998 2033 1150 2105 amplexus
1172 2036 1292 2105 uterquc

277 2123 398 2196 inplicat
421 2124 447 2179 ct
468 2123 588 2181 macros
609 2138 710 2180 morsa
732 2122 898 2195 depascitur
916 2126 1017 2180 once:
1039 2121 1214 2197 inpietatem
1232 2122 1281 2181 hic
1291 2127 1343 2176 215

277 2229 419 2287 superum
446 2210 634 2269 vehementer
662 2212 813 2286 expressit.
859 2213 956 2286 primo
984 2212 1064 2269 enim
1096 2211 1231 2270 sacerdos
1258 2213 1304 2269 in.

235 2301 342 2375 scipsa
370 2299 468 2359 adhuc
495 2318 646 2359 sacrorum
673 2300 863 2358 solemnitate
891 2302 1072 2359 constitutus
1101 2300 1203 2375 adpeti
1224 2320 1290 2375 per-

278 2390 352 2448 nicie
380 2391 468 2447 tants
490 2406 549 2447 non
573 2388 689 2463 debuit,
718 2391 899 2448 concremari
922 2392 1014 2448 etiam
1034 2388 1167 2447 filiorum
1190 2391 1290 2463 exitio,

279 2477 380 2551 occidi,
405 2496 472 2535 cum
494 2480 583 2552 pater
604 2477 675 2537 filiis
697 2478 853 2537 subvenire
870 2479 1018 2536 niteretur
1034 2478 1212 2552 insontibus,
1230 2480 1291 2558 ipsi

279 2568 367 2625 etiam
395 2566 529 2641 parvuli,
557 2568 610 2641 qui
636 2568 669 2623 in
696 2567 751 2625 illa
778 2570 878 2625 aetate
903 2567 979 2624 nihil
1003 2566 1110 2625 audere
1134 2569 1188 2624 aut
1211 2584 1288 2625 com·

278 2658 396 2715 mittere
410 2657 588 2730 potuissent,
602 2655 717 2714 crudeli
730 2658 825 2713 morte
838 2656 983 2715 interisse.
1017 2658 1115 2714 cetera
1129 2655 1289 2730 descriptio

233 2747 448 2821 &serpentum
476 2744 514 2801 ad
542 2744 804 2803 demonstrandam
831 2746 989 2803 saevitiam
1011 2746 1085 2803 facti
1106 2746 1237 2818 pertinet
1260 2748 1290 2803 et

277 2833 313 2891 ad
336 2832 545 2891 crudelitatem
568 2834 723 2891 numinum
749 2832 988 2891 confirmandam.
1034 2834 1149 2891 interea
1175 2832 1289 2893 necatis

274 2916 387 2995 liberis,
411 2922 564 2996 cumipse
587 2941 704 2997 quoque
727 2924 796 2997 pari
819 2941 889 2981 casu
911 2925 1068 2999 urgeretur
1093 2922 1131 2980 ad
1154 2925 1289 2996 mortem,

275 3011 424 3079 clamores,
443 3012 552 3086 inquit,
570 3012 728 3070 horrendos
750 3011 790 3069 cd
813 3012 911 3069 adero
929 3013 1010 3077 tollit,
1029 3010 1125 3083 qualis
1142 3014 1279 3083 mcqitus,
1290 3018 1341 3065 222

273 3099 351 3172 fucit
373 3118 438 3157 cwm
460 3102 580 3158 scamus
603 3118 689 3159 cram
711 3104 817 3158 locrus
835 3103 862 3157 et
878 3103 1018 3159 incertam
1038 3102 1161 3158 excussit
1183 3103 1290 3159 cervice

272 3230 488 3246 κ-
520 3230 522 3234 .

347 3328 362 3373 3
382 3324 454 3391 quod
472 3329 522 3376 aut
540 3322 562 3374 L
585 3330 651 3391 quot
668 3329 758 3377 autem
776 3322 801 3375 R
822 3323 895 3391 qaod
913 3329 1003 3376 aalma
1021 3341 1034 3375 r
1057 3323 1131 3391 qaod
1148 3325 1191 3376 ait
1209 3322 1251 3376 ed.

218 3459 220 3464 Ι
266 3391 296 3443 ,4
314 3393 490 3461 descriptione
508 3394 567 3448 eice
585 3393 637 3445 La
656 3395 714 3448 eirca
732 3410 785 3447 om.
801 3394 858 3447 eds
877 3401 916 3447 eet
932 3410 991 3447 nos.
1088 3398 1120 3445 13
1140 3400 1218 3447 actus
1236 3394 1289 3445 LR

218 3475 222 3494 ³
276 3461 379 3533 {reclus
396 3482 418 3517 r.
484 3471 516 3517 21
537 3467 619 3518 ctiam
637 3464 689 3517 th
706 3483 754 3519 acc
772 3482 834 3519 cam
853 3465 896 3518 ed.
915 3467 1015 3519 cedam
1029 3466 1115 3518 'etam
1132 3463 1153 3516 r'
1174 3467 1288 3532 (quaere

218 3497 223 3596 i
276 3539 310 3584 ln
326 3552 411 3605 marg.
430 3539 462 3604 r).
537 3542 570 3588 22
590 3537 678 3590 occidi
695 3537 716 3588 L
736 3537 870 3590 occiditur
887 3536 919 3589 a.
942 3538 945 3604 Ι
966 3554 1027 3591 cum
1041 3542 1123 3604 pater
1140 3535 1193 3587 th
1207 3542 1289 3603 pater

277 3613 337 3677 w
353 3624 374 3660 r.
440 3612 474 3660 23
494 3608 592 3661 audire
611 3607 635 3659 R
654 3624 722 3660 corr.
743 3625 763 3660 r.
829 3612 864 3660 24
878 3609 1033 3675 potuissent
1051 3607 1103 3659 LR
1118 3624 1147 3674 p.
1167 3613 1199 3659 ct
1216 3606 1259 3659 ed.
1282 3607 1285 3676 l

278 3678 430 3733 mmccccl
448 3678 501 3731 La
519 3679 683 3732 interierunt
698 3696 712 3730 r
731 3680 842 3732 interire
859 3680 1019 3732 seruassent
1037 3678 1081 3731 ed.
1096 3678 1219 3731 interisse
1237 3693 1287 3729 nos

280 3739 325 3805 (⁸0.
342 3766 399 3803 non
418 3748 594 3819 debuerunt).
611 3753 615 3817 Ι
635 3755 723 3804 cetera
741 3750 794 3802 LR
811 3750 918 3817 reliqM
936 3750 979 3802 ed.
1040 3755 1073 3803 27
1092 3765 1159 3803 caea
1177 3748 1202 3800 R
1220 3764 1289 3802 mua

279 3803 459 3875 Louriane.
532 3825 567 3874 24
586 3838 666 3875 aram
684 3820 736 3873 LR
755 3837 821 3875 mas
838 3821 883 3875 ed,

328 3919 386 3960 Dora
401 3918 578 3969 intemerata.
601 3919 645 3959 vol
658 3920 678 3959 I.
1044 3915 1082 3966 12
