3250 4350
354 422 397 486 80
635 409 775 475 DONATI
792 420 961 475 INTERPR.
981 421 1088 476 VERG.

352 593 447 668 ipsius
485 608 606 650 causam
643 594 673 649 et
708 589 918 650 necessitatem
949 590 1034 649 ibant
1066 609 1168 650 omnes
1200 593 1255 667 qui
1286 591 1366 650 uaris

354 680 555 740 ascenderant.
602 681 681 738 corte
708 680 739 738 et
765 679 822 738 hoc
850 679 889 738 ad
915 681 1143 739 insultationem
1164 680 1368 759 Pygmalionis

354 769 486 846 positum
512 787 670 845 possumus
686 768 884 845 intellegere,
912 771 946 827 ut
973 768 1046 828 duce
1073 769 1186 829 femina
1207 769 1369 845 perdiderit

354 859 435 936 quod
456 859 611 934 proprium
633 857 761 934 putabat
784 858 928 916 effectum.
961 857 1104 917 laudatur
1121 861 1238 918 interea
1255 860 1368 936 fugien-

241 966 245 976 ·
353 951 430 1007 tium
444 948 609 1021 consilium,
624 965 698 1022 quos
712 965 772 1005 nou
786 946 885 1005 tenuit
898 947 1047 1023 cupiditas
1062 948 1191 1024 amplius
1207 948 1369 1021 auferendi,
1389 967 1397 1008 s

302 1049 352 1100 365
363 1037 434 1114 quia
456 1056 510 1095 nec
533 1039 672 1112 poterant
695 1037 772 1095 ferre
790 1055 845 1095 neo
863 1036 1027 1096 debuerant
1044 1037 1196 1097 inmorari.
1233 1038 1370 1096 devenere

354 1129 438 1196 locos,
460 1128 512 1186 ubi
533 1143 612 1185 nuuc
633 1127 762 1199 iugentia
786 1128 881 1184 cerua
903 1129 1020 1185 racemo
1040 1131 1261 1200 serpentesque
1279 1143 1370 1186 mooe

356 1216 544 1290 Ocrtdcpc'uc’s
567 1233 672 1282 arcem,
695 1217 871 1288 mercatique
892 1216 996 1284 soluere,
1014 1217 1087 1289 facti
1104 1217 1277 1275 denomino
1294 1216 1369 1290 Byr·

354 1324 427 1374 susm,
447 1307 565 1363 tourc’co
584 1309 726 1378 quactum
739 1309 860 1377 possent
877 1306 1059 1363 circumdare
1077 1307 1170 1378 cepo.-
1193 1305 1277 1381 prius
1297 1306 1370 1363 dixit

354 1395 405 1453 ubi
428 1413 506 1453 nuuc
528 1393 663 1472 ingentia
681 1394 775 1451 cernis
794 1393 913 1452 moenia
931 1396 1159 1470 surgentemque
1182 1413 1279 1454 novae
1302 1393 1370 1453 Oar-
1381 1410 1415 1452 ui

354 1484 486 1561 thaginis
514 1502 611 1542 arcem
638 1486 668 1541 et
695 1483 824 1542 secundo
847 1483 912 1541 loco
935 1485 1037 1557 posuit
1060 1483 1243 1558 mercatique
1266 1484 1369 1556 solum,

355 1593 423 1631 cum
445 1571 613 1631 aedificium
635 1571 744 1629 instrui
767 1590 827 1630 uon
849 1573 992 1647 potuerit,
1015 1572 1074 1630 nisi
1096 1575 1209 1647 emptio
1233 1573 1294 1632 loci
1312 1574 1370 1647 pri·

355 1664 446 1720 mitus
473 1663 666 1736 provenisset.
713 1664 743 1720 ct
766 1664 811 1719 est
833 1680 938 1720 revera
960 1661 1040 1736 quod
1067 1664 1200 1738 moveat,
1229 1660 1371 1738 quamdiu

356 1751 394 1809 ad
408 1749 626 1809 ordinationem
639 1768 741 1808 sensus
758 1751 907 1824 veniatur,
922 1769 981 1825 qua
999 1751 1080 1808 facta
1098 1749 1216 1825 patebit
1234 1749 1371 1810 dictionis

354 1841 522 1917 integritas.
569 1839 724 1897 ordinatur
748 1857 819 1915 ergo
842 1841 898 1897 sic:
922 1839 1066 1898 devenere
1089 1840 1170 1898 locos
1194 1843 1224 1898 et
1247 1830 1415 1905 mercatis}

356 1930 454 1989 solum
481 1927 677 2005 praeteritum
704 1931 822 2003 tempus
850 1927 1034 2005 significant,
1061 1927 1114 1986 ubi
1135 1947 1214 1986 nuuc
1237 1929 1372 2006 ingentia
1414 1908 1415 1974 i

356 2019 451 2077 cernis
469 2018 588 2076 moenia
606 2022 835 2093 surgentemque
853 2035 948 2075 novae
964 2013 1154 2092 Carthaginis
1173 2036 1274 2076 arcem
1290 2036 1372 2094 pras·
1414 2012 1415 2071 Ϊ

356 2125 423 2166 sens
441 2111 560 2183 tempus
579 2105 717 2165 ostendit.
754 2125 824 2183 ergo
843 2108 960 2183 integre
981 2107 1094 2182 posuit:
1117 2107 1215 2181 primo
1240 2109 1373 2166 emerrmt

356 2201 387 2256 et
410 2197 453 2255 sic
476 2200 637 2272 coeperunt
656 2196 820 2254 aedificare.
860 2197 980 2254 taurino
1004 2200 1150 2270 quantum
1173 2201 1296 2271 possent
1321 2199 1372 2256 cir-

357 2286 496 2344 cumdare
523 2289 621 2362 tergo:
658 2284 745 2343 huius
773 2286 832 2343 loci
860 2285 977 2343 diversa
1005 2284 1128 2345 traditio
1153 2289 1206 2343 est.
1254 2287 1309 2344 alii
1332 2286 1404 2344 ‹ii-o

358 2379 428 2434 cunt
451 2373 608 2450 pecuniam
631 2376 702 2431 tunc
726 2393 760 2432 ex
784 2375 864 2433 corio
889 2374 1000 2432 bubulo
1023 2373 1115 2433 fuisse
1141 2373 1263 2433 atinde
1287 2395 1373 2451 pecu·

357 2466 438 2523 niam
462 2464 581 2535 dictam,
605 2463 684 2537 quod
708 2482 742 2520 ex
761 2482 866 2537 pecore
887 2465 1033 2539 originem
1052 2462 1180 2537 duceret,
1196 2467 1373 2540 tantumque

357 2556 448 2613 fuisse
469 2554 500 2610 iu
524 2554 620 2628 pretio
643 2551 700 2609 loci
725 2555 872 2627 quantum
890 2552 974 2611 bovis
993 2552 1080 2611 unius
1099 2555 1213 2612 corium
1232 2554 1373 2613 conficere

356 2645 511 2717 potuisset.
558 2641 619 2698 alia
641 2640 765 2699 traditio
788 2642 859 2699 talis
883 2644 937 2714 est,
960 2642 1040 2716 quod
1067 2642 1206 2699 venditor
1233 2643 1295 2701 loci
1321 2643 1375 2700 hac

357 2732 461 2789 fraude
480 2731 619 2804 deceptus
639 2731 687 2803 sit,
705 2734 740 2788 ut
757 2733 879 2789 tantum
898 2731 963 2807 agri
983 2731 1104 2790 modum
1122 2730 1263 2789 venderet
1283 2752 1374 2807 quan·
1387 2748 1407 2789 rs

357 2825 422 2878 tum
441 2821 554 2878 corium
573 2819 656 2877 bovis
676 2819 859 2879 circumdare
877 2821 1036 2894 potuisset:
1059 2820 1146 2878 illum
1164 2821 1242 2878 nihil
1259 2821 1375 2879 fraudis

358 2911 559 2984 suspicantem
569 2909 748 2966 arbitratum
759 2927 820 2966 csse
835 2913 955 2967 tantum
969 2928 999 2967 sc
1014 2910 1091 2968 sedis
1106 2909 1267 2968 tradidisse
1283 2930 1375 2986 quan-

357 3002 422 3055 tum
440 2999 540 3072 posset
554 3016 697 3072 occupare
717 2997 867 3073 integrum
886 3001 1007 3071 corium,
1022 3000 1048 3056 si
1061 3018 1115 3073 pcr
1128 3002 1241 3056 terram
1254 3000 1375 3072 iaceret,

358 3090 505 3162 emptores
532 3105 601 3144 vero
629 3086 733 3144 fraude
760 3090 897 3162 quaesito
921 3091 1087 3146 commento
1110 3089 1140 3144 in
1166 3088 1312 3165 corigiam
1334 3091 1376 3146 te·

430 3309 657 3379 2Pypmolc'oue's
676 3326 728 3362 om.
745 3310 787 3361 ed.
871 3311 1041 3375 {sufferendi
1059 3310 1101 3362 cd.
1181 3312 1306 3365 'lccruc's
1325 3311 1374 3363 LR

357 3380 433 3433 infra
451 3380 540 3433 altero
558 3380 620 3434 ioco
638 3398 730 3434 cernes
748 3380 837 3434 altero
856 3383 956 3434 ceratis:
981 3381 1132 3449 explicatio
1151 3383 1240 3436 cernis
1258 3398 1373 3451 poscere

360 3452 476 3505 videtur.
534 3458 567 3504 14
585 3470 640 3521 quc
659 3452 712 3505 LR
731 3454 797 3520 quio
817 3452 859 3505 ed.
917 3458 949 3506 15
969 3459 994 3505 ct
1011 3455 1124 3506 mercati
1141 3452 1194 3504 LR
1212 3457 1377 3522 mercatique

359 3525 401 3577 ed.
469 3528 500 3575 16
517 3525 697 3590 praeteritum
715 3529 819 3591 tempus
837 3525 997 3593 signiticaret
1015 3540 1067 3576 om.
1084 3523 1127 3576 ed.
1193 3529 1226 3576 17
1246 3525 1376 3579 cemesL

357 3595 447 3649 cercis
465 3611 523 3647 nos.
581 3601 613 3648 19
629 3602 720 3663 possct
734 3595 786 3647 LR
805 3611 891 3663 supra
909 3597 992 3648 recte.
1049 3600 1082 3648 25
1102 3595 1213 3648 modum
1231 3612 1285 3649 om.
1298 3597 1340 3651 ed.

353 3672 392 3716 27
406 3667 580 3732 suspccatum
595 3667 638 3720 ed.
656 3668 660 3736 Ι
677 3666 858 3721 arbitrcutcm
872 3666 898 3718 R
912 3683 980 3719 corr.
991 3684 1012 3718 r.
1030 3669 1034 3735 Ι
1050 3672 1160 3719 tautum
1174 3668 1247 3721 sedis
1260 3670 1377 3722 traxisse

336 3734 394 3785 LE
412 3736 469 3789 adI
488 3745 602 3794 tontum
622 3740 775 3795 tradidisse
795 3739 853 3794 edi*
877 3746 898 3794 t.
917 3756 943 3792 sc
961 3738 1161 3791 sedissemus.
1238 3742 1272 3791 28
1287 3745 1377 3807 posset

322 3818 381 3859 om.
397 3806 432 3861 a,
496 3817 534 3865 29
556 3816 689 3885 quaesito
711 3814 766 3870 LE
787 3812 940 3885 composito
960 3809 1005 3863 ed.
